2892 3570
1278 138 1607 187 —20-

305 279 662 326 acommodatius
687 280 744 324 sit
768 277 898 324 Fabii
923 278 1154 324 locutioni.
1192 276 1254 333 Χ,
1283 277 1333 335 2,
1359 276 1449 324 22:
1487 278 1636 323 Habet
1659 282 1804 322 tamen
1827 278 1968 321 onnus
1990 279 2235 337 eloquentia
2257 279 2426 336 aliqidd
2443 291 2570 321 com-

302 372 449 404 mune.
500 358 536 417 L,
564 357 614 417 2.,
643 358 728 406 30:
766 357 939 416 aliquid
957 369 1167 413 maynum
1190 370 1324 413 ayere
1356 393 1365 402 .
1389 392 1399 401 .
1436 356 1573 404 Plura
1597 355 1809 403 Bonnell.
1835 354 1949 403 Lex.
1975 373 2018 419 p.
2044 358 2125 406 47.

1352 506 1411 566 7.,
1450 505 1527 553 24.

408 587 495 632 Ars
518 588 633 631 enim
655 586 793 631 semel
811 593 1050 645 percepta,
1085 599 1172 631 mm
1197 585 1394 632 labitur:
1430 586 1559 632 stilus
1593 601 1760 646 quoque
1794 587 2114 634 intentus-sione
2132 588 2363 647 paululum
2385 587 2469 633 ad-

407 669 583 731 modum
607 668 662 711 de
688 666 912 712 celeritate
939 668 1167 725 deperdit:
1198 673 1459 725 promptum
1485 667 1595 722 boc,
1632 674 1676 712 et
1697 668 1744 713 in
1766 668 1976 726 expedito
1997 669 2205 726 positum,
2243 669 2468 715 excercitu-

414 750 528 792 tione
544 748 642 792 sola
667 749 925 792 continetur.

308 839 523 886 Facultas
549 838 795 901 eloquendi
820 838 1084 901 temporalis
1104 844 1393 900 comparatur
1413 854 1513 886 cum
1534 845 1649 896 arte„
1676 854 1792 900 quae
1818 839 1961 885 semel
1988 847 2223 902 percepta„
2249 841 2359 888 nihil
2386 842 2570 895 amittat„

308 926 352 966 et
378 935 480 966 cum
506 919 628 977 stilo,
668 921 741 981 qui
762 922 867 965 item
893 921 1230 965 intermissione
1256 919 1438 980 paulum
1465 920 1521 965 de
1547 919 1782 965 celeritate
1808 921 2003 976 amittat,
2036 920 2081 965 id
2106 920 2227 981 quod
2252 921 2383 966 aliter
2408 919 2570 966 haheat

309 1002 354 1045 in
380 999 595 1045 facultate
621 999 711 1045 illa.
762 998 888 1044 Haec
914 1000 1151 1059 scriptoris
1176 1013 1305 1044 mens
1336 1006 1406 1045 est
1431 1006 1605 1060 aperte„
1631 1001 1703 1045 cui
1729 998 2059 1061 exprimendae
2085 1007 2344 1062 susceptum
2369 1002 2567 1047 nescitur

308 1080 429 1126 unde
456 1085 525 1126 est
550 1078 605 1124 ad
631 1078 749 1124 hunc
775 1080 920 1139 ipsum
947 1078 1065 1123 diem
1096 1078 1281 1132 labitur,
1317 1082 1444 1127 cuius
1482 1080 1584 1125 loco
1623 1079 1806 1125 codices
1841 1079 1897 1125 ad
1923 1093 2059 1125 unum
2086 1093 2245 1126 omnes
2270 1082 2467 1138 capitur,
2514 1079 2569 1125 de

309 1174 397 1221 quo
424 1158 747 1206 Enderleinius
775 1157 946 1205 Comm.
974 1158 1028 1204 ΙΙ.
1055 1174 1096 1220 p.
1124 1157 1214 1204 20:
1253 1159 1413 1219 „Haec
1450 1162 1647 1205 omnium
1682 1160 1810 1206 codd.
1844 1160 1979 1206 lectio
2015 1166 2141 1206 recte
2168 1175 2193 1206 a
2219 1160 2350 1222 Zptio
2377 1166 2571 1206 retracta

309 1241 393 1299 (=
420 1239 705 1300 intelligitur„
733 1239 962 1300 Herzog).
1013 1238 1115 1285 Duo
1136 1238 1282 1285 verba
1310 1239 1643 1300 desiderantur„
1671 1255 1786 1303 quae
1812 1246 2101 1304 opponantur
2127 1240 2273 1289 verbo
2299 1242 2541 1288 continetur
2554 1254 2571 1297 ;

309 1321 501 1368 alterum
527 1327 597 1368 est
622 1321 835 1379 deperdit,
873 1322 1065 1368 alterum
1088 1336 1174 1365 non
1203 1323 1388 1379 capitur.
1451 1322 1695 1381 Vulgatum
1723 1323 1884 1366 labitur
1906 1322 2113 1382 languet,
2139 1325 2245 1383 quin
2274 1325 2407 1369 immo
2433 1337 2568 1370 sensu

308 1401 480 1447 caret.“
522 1402 728 1448 Eandem
754 1401 996 1447 lectionem
1024 1405 1158 1447 etiam
1185 1408 1289 1448 ante
1315 1402 1552 1448 defensum
1580 1405 1692 1447 ierat
1713 1401 1990 1449 Petersenus
2013 1400 2082 1461 ²⁴)
2109 1417 2165 1448 eo
2193 1402 2309 1464 quod
2337 1418 2381 1448 v.
2404 1402 2575 1460 capitur

308 1482 599 1529 insolentiam
626 1481 961 1540 alliterationis„
989 1497 1121 1544 quam
1147 1483 1317 1532 dicunt.
1344 1483 1444 1528 lusu
1472 1483 1663 1545 quodam
1690 1488 1951 1541 excusaret„
1987 1497 2075 1545 quo
2097 1489 2309 1542 percepta
2334 1489 2378 1529 et
2403 1483 2575 1541 capitur

310 1554 429 1609 dicta
455 1570 610 1610 essent
633 1563 721 1622 ²⁵).
753 1564 1007 1609 vernaculo
1033 1579 1248 1610 sermone
1274 1567 1332 1610 ita
1359 1566 1578 1610 imitatus:
1617 1564 1703 1609 Die
1730 1564 2070 1621 Kunsttheorie.
2100 1565 2155 1611 ist
2181 1566 2247 1610 sie
2274 1563 2441 1609 einmal
2467 1562 2575 1608 auf-

309 1658 588 1703 genommen
604 1679 618 1700 ·.
658 1644 777 1689 wird
803 1644 927 1689 nicht
951 1659 1355 1704 weggenommen.

1223 1793 1345 1839 Libri
1385 1795 1467 1852 xl„
1509 1794 1556 1852 2.>
1599 1795 1672 1840 14.

417 1888 473 1918 an
497 1874 713 1929 cranone,
738 1881 789 1918 ut
810 1874 997 1932 Apollas
1015 1874 1328 1928 Callimachus,
1356 1889 1483 1932 quem
1502 1881 1678 1918 secutus
1697 1874 1851 1918 Cicero
1875 1874 1989 1918 hanc
2003 1874 2175 1932 famam
2195 1873 2327 1918 latius
2342 1873 2473 1931 fudit.

312 1966 483 2025 Agitur
509 1965 564 2011 de
586 1964 821 2012 Simonide
842 1973 887 2012 et
913 1949 969 2011 de
989 1980 1046 2011 eo
1067 1965 1247 2027 quidem
1274 1966 1395 2025 loco„
1423 1965 1497 2011 ubi
1526 1965 1602 2010 ille
1623 1965 1811 2010 deorum
1837 1980 1923 2027 ope
1950 1965 2110 2012 fuisset
2135 1971 2363 2021 servatus„
2390 1963 2434 2009 id
2461 1963 2577 2024 quod

312 2045 536 2092 accidisse
563 2046 638 2090 alii
666 2046 871 2092 Pharsali
898 2045 1192 2091 tradiderant.
1243 2045 1337 2091 Iam
1364 2046 1474 2091 illud
1504 2045 1621 2106 quod
1649 2045 1993 2092 concinentibus
2019 2044 2146 2091 libris
2173 2044 2319 2090 adhuc
2344 2043 2579 2103 vulgatum

313 2132 382 2172 est
404 2125 592 2184 Apollas
618 2125 917 2170 Callimachus
943 2140 1105 2172 secure
1131 2127 1312 2187 repetiit
1337 2125 1632 2183 BonnelliuS„
1672 2125 1896 2186 neglectis
1922 2127 2002 2184 iis„
2030 2141 2146 2187 quae
2172 2126 2227 2172 ad
2254 2127 2413 2172 vitium
2439 2140 2582 2186 aper-

311 2212 405 2251 tum
442 2205 692 2251 tollendum
731 2207 1020 2252 contulerant
1056 2205 1442 2252 Schneidewinus
1487 2205 1541 2251 ad
1580 2205 1798 2253 Simonid.
1835 2221 1876 2269 p.
1898 2205 1962 2252 XI
2000 2212 2044 2253 et
2078 2206 2312 2253 Prellerus
2346 2204 2579 2252 Polemon.

311 2285 502 2346 fragm:
538 2289 611 2347 qui
647 2301 780 2347 quum
806 2287 1122 2332 Callimacbius
1146 2285 1283 2334 scribi
1321 2300 1457 2348 posse
1491 2301 1530 2347 p.
1563 2286 1657 2333 176
1693 2288 1945 2348 suspicatus
1980 2292 2129 2345 esset„
2168 2286 2355 2348 posthac
2381 2284 2499 2330 Add.
2527 2287 2571 2330 in

311 2367 432 2412 illius
459 2368 770 2428 pronuntiavit
795 2381 845 2412 se
872 2368 1168 2429 acquiescere
1190 2367 1453 2413 coniectura
1473 2365 1867 2424 Callimachusque,
1895 2365 2012 2428 quod
2039 2365 2300 2428 probarem„
2328 2367 2413 2412 nisi
2441 2364 2571 2411 simul

312 2461 439 2505 quem
464 2449 509 2491 in
536 2460 643 2504 quos
667 2447 926 2495 mutandum
952 2453 1087 2494 esset.
1152 2446 1306 2504 Quare
1332 2445 1452 2492 malo
1480 2460 1575 2492 rem
1602 2448 1646 2492 in
1672 2446 1822 2494 medio
1848 2446 2124 2509 relinquere.

1400 2620 1410 2629 .
1453 2583 1531 2631 26.

1305 2586 1593 2708 Chirmadas.

317 2746 449 2802 Quod
485 2752 611 2791 recte
646 2759 767 2789 nunc
801 2759 826 2789 a
864 2743 1127 2789 Burmanno
1162 2743 1268 2789 inde
1305 2743 1475 2803 legitur
1512 2757 1706 2801 nomen.
1746 2749 1981 2791 assecutus
2018 2749 2117 2790 erat
2153 2740 2454 2791 coniectando
2494 2742 2580 2787 iam

315 2826 533 2872 Davisius
558 2825 615 2870 ad
637 2824 729 2870 Cic.
756 2825 890 2870 Tusc.
918 2824 961 2883 1.
988 2824 1067 2870 24.
1107 2823 1332 2869 Firmavit
1357 2821 1514 2868 Bamb.

362 2972 421 3017 24)
447 2973 607 3006 Zeitscbr.
633 2972 658 3004 f.
684 2972 717 3004 d.
741 2972 885 3006 Alterth.
913 2972 1013 3004 1836.
1038 2971 1103 3003 No.
1129 2972 1184 3003 ⁹4.
1210 2981 1245 3013 p.
1271 2971 1349 3002 ⁷53.
1533 2970 1591 3014 25)
1615 2972 1781 3004 Similiter
1814 2972 1895 3004 lusit
1918 2972 2062 3004 Plautus
2081 2971 2206 3014 Amph.
2229 2970 2270 3010 11,
2294 2970 2326 3010 2,
2354 2969 2436 3002 188:
2475 2967 2530 3004 Tu
2552 2967 2587 3004 si

1487 3038 1544 3061 me
1566 3027 1820 3073 impudicitiae
1842 3032 1994 3075 captas,
2016 3039 2095 3063 non
2114 3030 2222 3074 potes
2246 3036 2389 3072 capere.
