2892 3570
1300 92 1631 139 *12-

327 246 446 293 quae
479 245 579 297 cum
615 232 715 298 ipsa
744 237 866 290 nota
905 230 1161 294 adnotantis
1197 228 1314 276 alias
1351 232 1494 295 textui
1532 233 1704 298 intrusa
1740 237 1824 279 est.
1886 231 2027 281 Aliud
2060 234 2272 300 eiusdem·
2301 237 2594 301 corruptelae

326 312 587 375 exemplum
614 311 817 359 dabimus
842 312 900 360 ad
922 313 971 376 §.
998 325 1094 372 seq.
1124 369 1126 372 .
1201 351 1203 353 .
2095 305 2097 308 ⁴

1357 452 1403 507 ς.
1455 448 1565 496 110.

1003 527 1088 574 Cui
1112 534 1239 595 tanta
1261 543 1453 589 unquam
1475 530 1725 587 iucunditas
1749 528 1882 591 affitit
1898 532 1923 575 ?

328 623 364 669 F
369 622 662 669 rotscherus:
715 622 898 683 „Turio
926 622 1051 688 Flor.
1091 622 1191 680 (hic
1217 636 1243 667 a
1269 637 1336 684 pr.
1363 623 1449 679 m.)
1486 623 1624 669 alicui
1655 637 1916 681 qumquam.
1946 623 2239 688 ‘Suspicatur
2266 627 2420 690 Spald.
2455 626 2594 673 fuisse

324 709 402 746 ant
427 703 511 746 cui.
552 700 716 748 Credo.
755 701 854 748 Nisi
881 701 1001 748 forte
1028 701 1158 748 malis
1183 707 1262 745 aut
1284 701 1356 746 cui
1378 706 1571 759 unquam
1596 708 1716 746 tanta
1734 708 1818 748 etc.
1868 701 2086 765 Alioquin
2114 705 2219 767 quid
2244 708 2300 753 sit
2324 721 2588 766 quanquam,

325 797 483 844 parum
510 781 770 841 intelligere
797 797 869 827 me
894 780 1089 827 fateorf‘
1141 780 1363 826 Neutrum
1391 795 1552 827 verum
1577 783 1849 844 integerque
1875 784 2014 845 siquis
2041 783 2156 832 alius
2181 786 2254 832 hic
2278 786 2419 834 lOcus.
2469 786 2591 833 Ele-

324 868 475 908 menta
513 863 634 907 enim
671 861 734 906 ali
763 861 1052 907 librariorum
1089 860 1315 907 sedulitati
1342 860 1592 919 debentur„
1631 864 1730 923 qui„
1769 869 1816 908 ut
1851 865 1896 920 §.
1926 863 2053 921 109.
2092 865 2211 927 quod
2249 867 2305 912 ad
2343 867 2586 913 notandam

323 943 580 988 variantem
608 941 851 988 lectionem
878 940 1152 1002 adscriptum
1179 947 1454 1002 repererant
1478 956 1577 987 cum
1604 943 1712 1004 ipsis
1735 944 1970 1005 scriptoris
1995 943 2154 992 verbis
2180 949 2585 994 commiscuerunt:

2243 1013 2279 1038 ιιι.
2297 1019 2435 1048 unqua.

324 1046 443 1108 quod
470 1047 663 1106 egregie
698 1046 980 1091 demonstrat
1016 1047 1240 1107 scriptura
1267 1044 1424 1091 Bamb.
1463 1045 1582 1091 hunc
1618 1046 1663 1090 in
1690 1034 1876 1093 modum*
1901 1046 2101 1094 exhibita
2139 1050 2212 1094 cui
2237 1056 2358 1095 ιαηιιι
2381 1065 2585 1108 unquam.

323 1138 392 1185 Cf.
419 1140 688 1184 varietatem
715 1137 924 1184 lectionis
950 1136 1069 1199 apud
1095 1135 1252 1199 Spald.
1280 1136 1336 1184 ad
1363 1138 1409 1195 δ.
1440 1136 1551 1185 115.
2554 1128 2557 1129 ’

1357 1276 1403 1331 §.
1460 1274 1566 1320 111.

703 1369 815 1412 quae
839 1355 920 1398 via·
943 1354 1118 1408 sinqula
1142 1355 1372 1410 quisquam
1395 1355 1681 1397 ἱηιεηιίεείηιιι
1705 1368 1814 1398 cura
1838 1356 2045 1411 cmwequi
2063 1361 2224 1411 poa-sel.

324 1447 449 1494 Flor.
475 1455 579 1510 post
603 1448 832 1506 quisquam
857 1446 980 1492 addit
1003 1452 1059 1500 ει,
1098 1444 1218 1507 quod
1245 1459 1337 1491 non
1364 1451 1537 1491 temere
1558 1444 1861 1493 Frotscherus
1888 1451 2034 1492 ortum
2060 1453 2196 1510 putat.
2246 1447 2349 1509 Ego
2376 1450 2588 1511 scriptum

323 1531 533 1591 suspicor
557 1528 651 1582 vel,
691 1529 728 1573 si
755 1526 859 1588 quid
887 1526 991 1572 huic
1018 1526 1232 1582 lectioni„
1267 1541 1353 1587 qua
1381 1533 1541 1573 carent
1567 1528 1708 1573 ceteri
1734 1526 1947 1584 codices„
1986 1529 2171 1573 omnino
2198 1527 2481 1575 tribuendum
2507 1537 2588 1576 est.

1392 1711 1401 1719 .
1453 1675 1509 1720 11
1524 1675 1563 1720 1.

1080 1767 1167 1811 qua
1190 1754 1303 1798 nim
1319 1676 1549 1811 ρῗὶσὴήιιε
1573 1757 1725 1800 auditu
1749 1762 1827 1799 εει.

321 1849 465 1894 Recte
492 1861 612 1893 nunc
638 1846 818 1909 quidem
845 1845 1127 1891 Frotschero
1157 1850 1346 1891 auctore
1381 1844 1437 1892 ad
1474 1844 1679 1892 codicum
1714 1845 1847 1893 fidem
1872 1846 2090 1906 vulgatur
2115 1848 2313 1892 auditum
2347 1854 2434 1901 εει,
2471 1847 2587 1909 quod

319 1929 446 1974 solus
484 1926 797 1973 Gernhardius
835 1926 1020 1986 respuit.
1073 1923 1166 1970 Sed
1204 1939 1295 1970 non
1336 1926 1440 1971 item
1479 1927 1624 1971 sentio
1663 1925 1719 1971 de
1747 1926 2002 1987 Spaldingii
2040 1932 2315 1984 commento„
2354 1928 2427 1988 qui
2468 1941 2586 1973 voce

322 2022 463 2065 quae,
502 2021 618 2068 quae
646 2020 671 2051 a
696 2005 847 2051 Turio.
875 2004 1000 2050 Flor.
1028 2009 1073 2050 et
1093 2003 1252 2051 Bamh.
1280 2010 1382 2065 post
1405 2004 1520 2049 nihil
1541 2006 1772 2062 inseritur„
1810 2007 1855 2051 in
1880 2020 2072 2064 nmquam
2096 2012 2261 2051 mutata
2288 2007 2460 2063 locum,
2499 2022 2586 2069 ap-

323 2086 570 2148 plaudente
596 2099 687 2132 uno
713 2083 992 2130 Frotschero
1008 2119 1022 2137 .
1060 2084 1314 2129 restitutum
1342 2099 1445 2130 esse
1473 2083 1555 2130 sihi
1581 2088 1819 2145 persuasit.
1866 2085 1976 2132 Mihi
2002 2086 2180 2147 quidem
2209 2085 2446 2130 admodum
2472 2101 2587 2149 pro-

320 2165 471 2213 babile
498 2171 583 2224 est„
622 2164 821 2211 librariis
848 2162 967 2209 male
994 2161 1138 2210 doctis
1175 2161 1360 2220 deberi„
1401 2166 1474 2225 qui
1512 2180 1802 2226 concoquere
1840 2181 1931 2211 non
1969 2172 2159 2228 possent
2192 2165 2435 2211 relativum
2470 2181 2585 2228 pro-

321 2260 488 2292 nomen
516 2248 594 2291 uni
620 2244 768 2291 verbo
794 2244 1120 2305 postpositum:
1158 2244 1373 2305 scriptum
1402 2245 1521 2289 enim
1550 2260 1575 2289 a
1602 2243 1746 2290 Fabio
1773 2252 2047 2307 repererunt
2070 2246 2182 2290 m‘ln‘l
2202 2260 2303 2303 qua,
2341 2260 2456 2306 quae
2483 2248 2588 2308 qui-

322 2326 424 2372 dem
450 2326 734 2388 pronominis
767 2323 901 2371 sedes
928 2321 1217 2372 insolentior„
1257 2323 1337 2369 sed
1373 2331 1524 2370 tamen
1564 2325 1621 2370 ita
1649 2325 1874 2387 exemplis
1911 2325 2089 2372 idoneis
2124 2324 2316 2381 firmata5
2353 2330 2400 2370 ut
2425 2324 2480 2371 de
2506 2341 2587 2373 usu

318 2408 416 2452 eius
442 2405 636 2452 dubitari
663 2410 874 2466 nequeat.
938 2402 993 2448 V.
1023 2402 1143 2449 Part.
1171 2401 1250 2450 IV.
1279 2419 1320 2466 p.
1351 2403 1427 2451 18.

1383 2577 1392 2587 .
1446 2541 1556 2587 112.

491 2624 641 2679 Quare
663 2636 751 2667 non
773 2624 989 2668 inmerito
1025 2624 1081 2668 ab
1106 2544 1534 2668 kontinibus§aetati⁸
1557 2637 1665 2668 suae
1687 2637 1875 2678 reqnare
1897 2625 1943 2669 in
1967 2625 2147 2670 iudiciis
2171 2623 2314 2668 (Βειιιε
2336 2630 2413 2668 εει.

320 2716 380 2763 Ut
415 2730 527 2762 sana
564 2715 749 2761 credam
788 2713 936 2760 verba
975 2713 1031 2760 ab
1068 2715 1267 2759 onmilma
1302 2715 1460 2758 aetatis
1493 2728 1623 2769 suae,
1661 2715 2038 2775 quemadmodum
2076 2718 2120 2761 in
2148 2714 2421 2762 melioribus
2453 2717 2583 2763 codd.

318 2797 504 2855 legitur.
532 2810 677 2855 aegre
705 2794 926 2851 adducor.
953 2807 1046 2840 non
1074 2794 1194 2856 quod
1220 2796 1280 2840 ita
1307 2794 1394 2840 dici
1420 2796 1621 2856 potuisse
1648 2810 1834 2856 negem„
1861 2796 1940 2842 sed
1969 2797 2087 2858 quod
2114 2795 2334 2842 absonum
2359 2796 2586 2855 videatur„

317 2876 437 2938 quod
462 2875 607 2935 vulgo
633 2890 746 2923 sane
773 2876 830 2921 de
852 2875 1080 2921 Cicerone
1107 2880 1293 2920 oratore
1331 2872 1566 2919 ferebatur
1603 2889 1684 2921 suo
1722 2881 1928 2938 tempore
1965 2876 2289 2939 praeconium.
2328 2874 2371 2921 id
2398 2890 2422 2921 a
2443 2875 2585 2925 Fabio

312 2958 514 3002 omuibus
540 2956 686 3002 tribui.
749 2957 936 3002 Poterat
974 2955 1183 3000 iudicium
1222 2956 1331 2999 illud
1369 2955 1604 3016 appellare
1636 2957 1910 3014 aequalium,
1948 2957 2091 3012 vulqi,
2130 2955 2207 3001 vel
2234 2955 2461 3015 similiterq
2501 2960 2584 3004 vix
