2892 3570
1295 141 1626 189 ,19-

326 296 415 344 que
450 283 589 331 sen-u
624 291 715 341 quo
749 291 805 326 ca
838 277 1018 341 phrasis
1054 278 1161 338 (vei
1191 280 1327 325 etiam
1359 277 1624 339 simpliciter
1647 278 1805 336 habet)
1828 294 1854 325 a
1880 277 2093 340 Vergilio
2118 279 2238 325 Aen.
2265 277 2371 338 xli,
2403 277 2502 325 296
2528 277 2587 325 de

327 362 458 410 hoste
492 359 737 408 vulnerato
774 357 953 418 dieitur„
991 357 1110 406 hene
1145 358 1406 421 explicante
1432 353 1626 406 Servio:
1667 357 1745 420 „id
1767 365 1837 407 est
1860 358 1985 406 letali
2009 372 2255 422 percussus
2279 365 2350 407 est
2372 359 2584 407 vulnere.

326 442 464 504 Apud
489 441 698 500 antiquos
723 440 843 484 enim
867 438 911 484 id
936 444 1053 495 erat„
1087 439 1169 483 hoc
1190 438 1333 492 babet,
1368 437 1488 499 quod
1512 452 1650 495 nunc.
1682 445 1913 496 peractum
1934 447 2027 495 eet;
2062 441 2130 487 sic
2154 439 2421 486 Terentius:
2459 439 2589 483 Certe

328 527 486 585 captus
503 525 583 574 eat,
610 518 787 573 habet‘ss
813 518 870 564 ad
889 532 1023 580 quem
1043 518 1191 569 locum
1209 517 1441 565 Donatus:
1471 517 1543 578 „id
1560 524 1649 579 est,
1676 518 1943 565 vulneratus
1963 525 2043 566 est.
2072 518 2223 565 Habet
2240 521 2360 565 enim
2375 521 2450 581 qui
2470 533 2585 581 per-

276 598 294 605 ‘
330 615 489 651 cussus
514 605 607 647 est:
643 604 688 645 et
706 601 890 662 proprie
905 597 968 644 ‘de
994 597 1323 659 gladiatoribus
1348 598 1525 657 dicitur„
1564 600 1668 660 quia
1688 599 1813 661 prius
1842 598 1918 645 aIii
1949 599 2106 646 vident
2125 612 2257 664 quam
2278 600 2363 662 ipsi
2389 601 2585 646 sentiant

330 697 380 731 se
406 693 649 745 percussos
686 678 802 726 etc.“
861 674 968 728 Allia
1006 666 1209 730 eiusdem
1246 677 1454 725 dictionis
1479 665 1692 741 exempla
1727 677 2028 742 suppeditabit
2052 678 2109 726 ad
2135 678 2392 740 Vergilium
2418 677 2583 727 Cerda.

331 762 448 809 Huic
472 761 561 808 loci
587 760 840 822 scripturae
865 760 1046 824 minime
1073 758 1345 805 adversatur
1378 758 1496 820 quod
1532 758 1722 819 singulis
1747 758 1940 807 vocibus
1966 760 2117 807 omnia
2142 757 2344 806 membra
2369 766 2584 808 constare

331 843 502 891 debere
527 840 889 902 exspectaveris.
925 839 1066 886 Immo
1092 838 1178 885 hac
1196 841 1372 887 ratione
1393 852 1499 886 usus
1521 844 1593 886 est
1611 838 1795 899 Fabius,
1821 845 1869 887 nt
1892 838 2269 901 quemadmodum
2295 839 2408 887 ordo
2434 855 2584 901 argu—

330 923 466 970 menti
485 922 582 984 ipse
601 918 874 983 postulabat„
900 934 925 966 a
943 918 1168 983 τρικὼλοις
1191 918 1249 966 ad
1265 917 1520 982 τετρώωλα
1535 929 1739 982 pergens
1764 919 1883 967 hanc
1907 919 2251 982 ὁμοιοτελεὺτων
2277 919 2583 968 conditionem

330 1004 521 1066 primum
547 999 825 1063 appellaret„
862 1012 916 1044 ac
951 1000 1143 1060 primum
1179 993 1531 1046 commemorata
1557 998 1643 1046 hac
1666 999 1876 1060 generali
1902 1001 2107 1059 ratione,
2145 999 2281 1048 e‘tiam
2319 1001 2365 1047 in
2390 999 2583 1060 singulis

331 1082 489 1129 verbis
513 1081 643 1129 huius
663 1081 852 1140 generis
871 1077 1181 1142 ὁμοιοτίλευτα
1199 1085 1412 1126 constare
1433 1078 1688 1126 subiiceret.
1727 1080 1969 1142 Utriusque
1991 1081 2128 1141 igitur
2153 1082 2343 1127 rationis
2368 1080 2584 1143 exempla

332 1164 556 1225 apposuit„
576 1160 811 1221 generalis
831 1160 941 1206 illud
955 1159 1073 1221 quod
1094 1166 1356 1218 tractamus„
1379 1161 1590 1222 specialis
1601 1160 1810 1219 alterum,
1830 1161 1949 1222 quod
1969 1176 2030 1207 ex
2042 1160 2269 1208 Cicerone
2290 1161 2360 1221 (Π
2375 1160 2505 1208 Catil.
2525 1161 2582 1220 1)

328 1243 522 1291 adscivit
545 1242 825 1289 notiSsimum
851 1242 982 1296 abac,
1019 1241 1234 1306 exce-seit,
1270 1243 1438 1298 erupit,
1474 1241 1633 1295 evasit,
1670 1242 1715 1286 in
1741 1255 1831 1303 quo
1855 1239 2022 1288 Fabius
2047 1243 2084 1289 si
2110 1241 2317 1288 ordinem
2345 1241 2580 1289 amborum

330 1322 578 1370 verborum
604 1328 938 1384 postremorum
963 1322 1174 1377 mutavit„
1211 1320 1255 1367 id
1280 1320 1426 1382 lapsui
1451 1322 1699 1367 memoriae
1724 1320 2021 1368 tribuendum.

1357 1471 1403 1526 §.
1445 1469 1555 1516 126.
1640 1479 1642 1481 ’

1066 1562 1338 1605 membratim
1362 1563 1611 1619 caesimque
1636 1561 1841 1605 dicermw.

327 1653 575 1711 Notemusq
615 1668 706 1699 non
744 1660 929 1714 propter
960 1653 1204 1699 lectionem
1230 1655 1485 1699 variantem
1510 1654 1721 1706 dicimus,
1759 1652 1840 1716 sed
1876 1653 2124 1712 colligendi
2161 1655 2309 1711 gratia
2345 1668 2400 1698 ea
2426 1655 2578 1698 omnia

326 1734 599 1792 testimonia„
637 1748 753 1795 quae
780 1732 837 1780 ad
863 1731 991 1780 Fabii
1016 1732 1322 1781 InstitutIones
1347 1739 1569 1796 spectant,
1607 1731 1752 1780 verba
1778 1732 1854 1779 illa
1880 1734 2008 1779 citari
2034 1735 2078 1779 in
2105 1732 2277 1779 Placidi
2305 1732 2480 1780 Glossis
2506 1749 2577 1796 ap.

325 1814 493 1860 Maium
517 1815 652 1860 Auct.
680 1815 734 1859 cl.
762 1814 812 1860 T.
839 1814 916 1859 VI.
944 1830 984 1876 p.
1013 1815 1111 1860 556
1138 1821 1183 1860 et
1212 1817 1257 1859 in
1284 1814 1374 1860 alio
1402 1814 1656 1871 Glossario„
1691 1813 1810 1877 quod
1836 1816 1959 1860 circa
1986 1829 2105 1861 saec.
2132 1815 2220 1861 XII
2246 1817 2460 1877 scriptum
2486 1828 2578 1876 pu-

325 1902 459 1951 tatur,
498 1896 615 1956 apud
643 1895 837 1940 eundem
862 1895 912 1940 T.
939 1894 1061 1940 VIII.
1090 1910 1129 1956 p.
1162 1895 1286 1950 104„
1324 1894 1397 1939 hic
1422 1895 1601 1955 quidem
1627 1895 1808 1939 nomine
1837 1894 2048 1948 Quintilii.

1252 2054 1376 2099 Libri
1412 2055 1483 2111 Χ,
1522 2055 1582 2112 6..
1623 2055 1665 2100 1.

431 2144 558 2188 Haec
583 2144 844 2205 [cogitatio]
864 2147 977 2189 inter
993 2147 1159 2190 medios
1175 2160 1322 2190 rerum
1343 2124 1469 2189 actus
1486 2143 1657 2205 aliquid
1669 2147 1829 2190 irwenit
1850 2147 1988 2199 vacui,
2018 2158 2099 2188 nec
2131 2145 2264 2188 otium
2288 2146 2470 2201 patitur.

327 2233 487 2295 Longe
513 2236 601 2281 alia
627 2236 827 2295 codices,
866 2252 927 2282 ex
952 2237 1111 2300 quibus
1148 2237 1268 2284 aliud
1293 2226 1501 2299 quiddam
1538 2237 1646 2283 olim
1679 2239 1892 2298 scriptum
1928 2236 2065 2283 fuisse
2091 2237 2332 2282 coniicias:
2370 2251 2459 2298 quo
2485 2236 2578 2284 ob-

326 2321 539 2376 servato„
577 2318 770 2379 opinor„
809 2316 1047 2365 Scheiqus
1071 2316 1140 2377 ²³)
1177 2317 1359 2364 illorum
1394 2311 1590 2378 uestigia
1626 2323 1807 2365 secutus
1841 2315 2084 2378 legendum
2109 2317 2344 2378 proposuit
2366 2331 2449 2362 nec
2483 2333 2576 2363 ex-

322 2399 494 2453 peritur
517 2398 663 2442 otium.
713 2397 797 2443 Illa
823 2404 972 2444 tamen
999 2398 1087 2444 loci
1113 2398 1249 2444 lectio
1274 2413 1357 2461 per
1383 2413 1433 2445 se
1459 2398 1577 2445 haud
1602 2399 1721 2445 mala
1745 2399 1992 2461 permansit
2016 2389 2387 2443 ad'Bonnellium
2413 2412 2577 2460 usque,

327 2476 683 2537 Bambergensis
710 2481 1036 2537 immemorem,
1077 2479 1205 2527 huius
1231 2479 1320 2525 loci
1346 2495 1461 2541 quae
1487 2480 1602 2525 ratio
1627 2481 1683 2525 sit
1707 2479 1888 2541 planum
1914 2472 2132 2524 facientis,
2182 2476 2267 2522 Hic
2293 2479 2414 2523 enim
2440 2494 2575 2540 quum

902 2566 911 2580 1
1183 2566 1215 2581 ex
1235 2558 1376 2582 erientiam

326 2590 546 2652 praebeat
570 2593 783 2654 scriptum
810 2608 992 2638 vacuum
1014 2574 1095 2639 ηπ.
1119 2567 1252 2639 otimpn
1273 2596 1456 2650 patitur,
1483 2609 1564 2655 pro
1586 2594 1842 2640 conditione
1868 2593 2024 2638 harum
2050 2606 2261 2637 manuum
2287 2591 2576 2638 diversarum

327 2700 530 2757 apertum
556 2702 653 2754 est.
691 2699 881 2758 primum
907 2703 1031 2742 recte
1058 2696 1228 2743 habere
1254 2696 1372 2758 quod
1398 2680 1613 2756 vulgatur
1635 2711 1716 2740 nec
1739 2697 1872 2740 otium
1894 2696 2086 2752 patitur,
2122 2701 2168 2739 et
2192 2709 2309 2755 quae
2335 2696 2380 2739 in
2407 2698 2577 2743 ceteris

327 2772 455 2821 codd.
483 2773 758 2822 exhibentur
782 2778 1104 2834 emper-femiam
1134 2777 1211 2823 vel
1236 2778 1554 2833 experientiam
1578 2776 1735 2823 deberi
1768 2774 1916 2821 eidem
1945 2773 2075 2833 fonti,
2114 2788 2175 2820 ex
2201 2789 2290 2836 quo
2317 2777 2471 2837 inepta
2496 2775 2576 2822 illa

326 2854 482 2900 Bamb.
521 2858 746 2902 correctio
773 2859 995 2903 manavit:
1032 2864 1122 2903 tum
1160 2859 1265 2904 item
1304 2872 1484 2901 vacuum
1519 2859 1766 2915 genuinum
1802 2870 1859 2900 eo
1894 2856 2036 2913 magis
2068 2853 2238 2901 debere
2275 2854 2452 2913 videri„
2485 2870 2579 2917 quo

371 3022 428 3068 23)
454 3023 535 3057 obs.
561 3024 597 3056 in
615 3028 764 3059 oratores
783 3026 932 3067 Atticos,
957 3014 1059 3060 Hans
1077 3027 1155 3061 Sax.
1183 3026 1282 3060 183⁶.
1307 3038 1340 3069 p.
1361 3028 1414 3059 55.
1447 3025 1536 3057 Nova·
1560 3038 1601 3059 ex
1625 3025 1785 3059 Zeitschr.
1812 3025 1835 3056 f.
1862 3025 1893 3057 d.
1918 3025 2061 3058 Alterth.
2089 3023 2187 3057 1837.
2212 3024 2278 3057 No.
2298 3025 2353 3057 32.
2378 3036 2414 3067 p.
2438 3024 2517 3057 267.

2237 3085 2263 3123 3
2282 3085 2305 3107 u·
