2892 3570
1289 119 1585 166 -7-

310 272 399 321 quo
435 255 514 304 vel
551 269 577 302 a
613 253 773 318 quibus
806 255 1091 303 circumcisio
1126 255 1206 303 illa
1242 255 1362 303 facta
1399 261 1549 313 esset,
1587 259 1634 299 ut
1664 267 1727 299 ne
1762 254 1863 314 quis
1887 254 1944 300 de
1978 260 2167 302 auctore
2200 257 2298 316 ipso
2323 258 2565 318 cogitaret.

312 339 427 386 Huic
451 335 679 383 desiderio
705 341 752 382 ut
775 329 1070 395 occurreret,
1108 336 1341 384 Weberus
1378 336 1550 383 adscita
1573 334 1758 394 vulgari
1783 334 1981 381 lectione
2004 338 2070 391 ei,
2109 351 2133 381 a
2159 335 2315 383 Bamb.
2342 350 2566 398 compro-

310 419 441 475 bata,
478 420 658 476 unaque
692 415 889 462 litterula
915 415 1088 474 addita„
1138 418 1264 464 cuius
1302 418 1485 465 omissio
1521 415 1737 463 facillima
1770 421 1841 462 est
1875 417 2133 476 explicatu„
2182 418 2361 476 scripsit
2395 432 2564 463 nectie-

310 500 399 544 rint
427 494 522 555 ¹²),
569 494 657 543 hoc
693 510 857 554 sensu„
907 509 1040 556 quem
1076 494 1200 544 lubet
1232 498 1371 557 ipsius
1395 495 1655 558 interpretis
1691 493 1848 542 verbis
1873 509 1913 556 p.
1941 494 2008 544 IX
2034 495 2319 557 explanare:
2361 495 2561 559 „factum

311 592 443 635 esse„
490 581 538 622 ut
572 575 737 633 iidem„
786 576 860 636 qui
896 580 1124 623 amatores
1159 575 1367 623 libertate
1405 575 1619 623 Cremutii
1652 574 2018 629 delectarentur,
2067 582 2225 623 tamen>
2254 575 2427 624 liberae
2463 579 2562 625 eius

311 658 505 706 orationi
540 656 792 710 iacenter-int,
841 654 929 702 hoc
966 662 1035 703 est
1067 658 1258 705 virtutes
1294 658 1511 704 orationis
1546 655 1903 702 detrectaverint
1936 657 2152 717 viresque
2200 658 2298 704 eius
2347 662 2563 703 attenua-

310 739 463 786 verint
489 751 572 795 eo„
611 735 730 797 quod
757 736 947 783 annales
983 735 1197 783 Cremutii
1221 739 1275 784 iis
1299 751 1417 799 quae
1443 737 1631 781 dioeieset
1652 736 2022 796 vel‘scripsisset
2059 738 2096 782 si
2121 738 2286 783 intacta
2312 744 2358 783 et
2380 739 2562 798 integra

312 819 584 864 mansissent
622 815 758 875 [haec
793 814 955 862 abesse
989 817 1180 876 vellem]
1219 818 1516 871 circumcisis,
1554 816 1597 861 id
1635 822 1702 862 est
1728 822 1953 876 amputata
1980 818 2108 876 quasi
2145 817 2393 863 verborum
2431 820 2563 877 copia

311 905 356 944 et
392 903 573 943 resecto
611 897 829 942 orationis
867 903 1054 955 ornatu,
1105 899 1150 942 in
1187 896 1334 943 breve
1371 898 1706 942 contraxissent
1739 896 1817 941 vel
1859 898 2175 956 coegissent.'·‘·
2246 897 2357 943 Tale
2395 897 2562 958 aliquid

310 978 437 1023 libris
463 992 489 1022 a
516 975 746 1022 Cremutio
772 975 942 1021 relictis
968 976 1215 1033 accidisse,
1268 975 1462 1022 ostendit
1497 990 1594 1022 vox
1618 977 1912 1030 circumcisis,
1950 990 2221 1036 quocunque
2247 976 2381 1022 modo
2407 977 2563 1035 expli—

312 1059 490 1113 cueris„
535 1055 670 1114 idque
707 1068 764 1099 eo
798 1053 1076 1113 probabilius
1109 1055 1339 1112 redditur„
1389 1069 1476 1115 quo
1507 1054 1709 1114 pluribus
1734 1054 1967 1100 Weberus
2003 1055 2227 1115 exemplis
2253 1057 2352 1101 eius
2377 1057 2563 1115 generis

311 1138 531 1196 epitomas
569 1135 796 1181 clarorum
833 1136 1100 1193 scriptorum
1139 1150 1163 1180 a
1191 1134 1437 1182 cultoribus
1470 1136 1578 1194 ipsis
1603 1134 1836 1181 confectas
1869 1136 2097 1181 exstitisse
2122 1135 2453 1182 demonstravit
2483 1133 2561 1194 ι3).

361 1271 415 1315 12)
434 1270 697 1304 Coniunctivum
710 1269 897 1301 indicativo
911 1267 1083 1311 praestare
1096 1270 1252 1302 existimo
1266 1272 1406 1311 propter

313 1328 563 1367 verecundiam,
587 1331 625 1360 ut
649 1328 698 1360 ait
721 1326 894 1365 Weberus,
920 1337 988 1370 qua
1012 1331 1049 1359 ut
1072 1328 1157 1359 alibi
1181 1328 1230 1359 sic
1247 1326 1404 1358 hocloco

312 1387 440 1423 Fabius
465 1387 632 1418 iudicium
657 1396 754 1418 suum
771 1385 948 1426 expromit.
986 1385 1193 1417 observasse
1213 1385 1304 1417 enim
1320 1384 1407 1416 mihi

312 1444 432 1477 videor
445 1467 453 1483 ‚
489 1443 568 1477 voci
593 1452 829 1490 quamqum.
851 1441 909 1486 ubi
934 1445 985 1474 est
1009 1442 1226 1475 concedentis
1251 1444 1284 1474 et
1308 1441 1405 1474 dubi·

313 1502 437 1540 tantis,
473 1501 619 1533 Fabium
643 1501 784 1542 iungere
809 1499 1082 1537 comunem-um,
1119 1499 1176 1530 ubi
1200 1498 1403 1530 affirmantis

313 1562 347 1590 et
363 1557 569 1596 extollentis,
585 1557 819 1589 indicativum.
844 1555 968 1586 Paucis
987 1555 1210 1597 defungamur
1226 1556 1404 1597 exemplis.

315 1616 370 1653 VI,
388 1615 419 1653 3,
448 1615 509 1646 18:
536 1624 763 1660 quanquam,
777 1615 824 1647 -et
840 1607 999 1646 ridicula
1016 1613 1184 1657 oporteat
1199 1622 1277 1647 esse
1293 1609 1404 1648 saba.

313 1671 354 1711 X,
382 1673 412 1711 1,
437 1672 503 1703 33:
547 1668 655 1704 Adde
681 1668 783 1716 quod
810 1668 865 1704 M.
903 1665 1047 1703 Tullius
1078 1678 1122 1703 ne
1160 1667 1406 1716 Thucydidem

315 1726 460 1774 quidem
479 1729 544 1760 aut
564 1725 841 1771 Xenophontem
858 1723 967 1759 utiles
984 1725 1125 1759 oratori
1138 1729 1259 1771 putat,
1277 1737 1405 1772 quam-

316 1795 426 1831 quam
451 1781 552 1817 illum
578 1781 745 1817 bellicum
770 1793 922 1823 canere,
947 1781 1057 1817 huius
1082 1793 1146 1818 ore
1170 1782 1304 1818 ,ilusas
1327 1793 1405 1817 esse

306 1839 452 1877 locutas
484 1839 680 1876 existimet.
740 1838 867 1873 Contra
898 1841 1104 1873 indicativus
1136 1840 1330 1874 reddendus
1361 1839 1402 1881 X,

308 1902 340 1938 7,
367 1900 387 1930 5
413 1898 471 1929 ubi
496 1898 678 1941 vulgatur:
718 1895 799 1931 Nec
817 1897 911 1932 satis
934 1901 988 1931 est
1007 1908 1080 1931 non
1110 1897 1289 1945 iquorare
1308 1907 1403 1943 quae

305 1958 394 1989 sunt
419 1960 619 1987 causarum
642 1952 869 1987 iudicialium
888 1957 1031 1999 partes,
1056 1958 1122 1988 aut
1148 1954 1403 2001 quaestionum

308 2010 474 2046 ordinem
497 2013 596 2046 recte
620 2009 833 2056 disponere,
860 2021 1086 2058 quamquam
1111 2010 1184 2046 ista
1204 2011 1281 2046 sint
1291 2021 1401 2057 prae-

307 2069 433 2116 cipua,
457 2073 491 2103 et
513 2070 562 2102 ita
586 2069 719 2102 codices
744 2069 895 2102 universi
920 2074 1052 2112 praeter
1076 2080 1180 2102 unum
1201 2070 1319 2103 Bamb.
1345 2081 1401 2103 ex-

565 2127 621 2152 nint

307 2162 479 2194 bibentem
503 2160 615 2196 istas-⁹
631 2160 854 2208 praecipua,
879 2162 969 2194 unde
994 2172 1097 2204 quum
1122 2166 1254 2195 constet
1276 2173 1319 2195 ex
1334 2163 1403 2195 En·

308 2219 487 2258 derleinio,
504 2229 545 2251 ex
555 2219 662 2251 altera
678 2219 742 2251 hac
752 2229 854 2251 manu
871 2222 1057 2251 ceterorum
1071 2219 1225 2252 codicum
1239 2220 1402 2253 lectiones

309 2276 508 2318 plerumque
525 2275 690 2306 conflatas
707 2285 792 2313 esse,
809 2276 1014 2318 relinquitur
1030 2277 1199 2318 genuinae
1215 2277 1402 2319 scripturae

307 2341 367 2370 ss,
391 2331 483 2373 quod
508 2332 545 2363 in
569 2333 733 2364 utrumvis
759 2333 896 2364 modum
920 2333 1136 2374 interpretari
1161 2333 1253 2365 lieet.
1288 2336 1402 2375 Quare

309 2388 510 2429 perdubium
539 2390 623 2422 mihi
647 2394 699 2422 est
723 2401 767 2422 an
791 2394 881 2423 recte
905 2388 980 2424 sint
1005 2387 1208 2423 Bonnellius
1233 2391 1276 2424 ad
1301 2391 1401 2425 fidem

311 2444 515 2486 optimorum
540 2445 636 2478 codd.
672 2446 848 2489 scripserit
879 2447 904 2478 Ι.
938 2446 1092 2479 Prooem.
1124 2449 1164 2487 6,
1197 2448 1255 2479 ubi
1286 2448 1402 2491 vulga-

310 2504 385 2532 tur:
412 2511 536 2545 quem,
559 2512 641 2535 cum
665 2502 926 2537 amicissimum
950 2501 1055 2537 nobis
1079 2506 1157 2538 tum
1176 2503 1310 2538 eximio
1327 2503 1403 2538 lite-

310 2566 435 2590 rarum
468 2568 591 2592 amore
617 2559 866 2606 slaqrantm,
899 2571 973 2593 non
1000 2564 1160 2606 propter
1183 2560 1273 2595 haec
1296 2560 1404 2595 modo

311 2616 557 2661 (quamquam
581 2620 670 2651 sunt
692 2618 849 2664 mayna)
875 2616 1133 2664 dignissimum
1162 2616 1233 2652 hoc
1254 2622 1405 2653 mutuae

311 2669 409 2705 inter
432 2681 501 2706 nos
525 2672 697 2708 caritatis
717 2674 873 2723 piqnore
895 2675 1163 2717 iudicabamus,
1187 2687 1291 2721 quum
1306 2687 1404 2720 prae·

310 2729 426 2760 sertim
460 2729 664 2763 facillimum
696 2732 794 2764 illum
826 2733 862 2765 in
898 2733 951 2765 his
976 2734 1110 2773 modis,
1146 2738 1233 2768 sunt
1264 2737 1298 2767 et
1319 2734 1403 2774 sint,

311 2786 445 2828 lapsum
480 2788 693 2822 librariorum
729 2792 901 2834 recogito,
942 2791 978 2823 in
1010 2791 1263 2825 coniunctivum
1296 2794 1401 2825 multo

309 2843 581 2883 procliviorum:
617 2846 713 2877 cuius
745 2847 879 2890 generis
904 2857 1033 2880 errores
1066 2849 1109 2880 ad
1135 2848 1333 2881 Ciceronem
1358 2850 1402 2881 de

309 2909 346 2930 re
370 2900 463 2940 publ.
490 2901 618 2942 passim
643 2904 771 2934 notavi.

359 2978 414 3022 13)
439 2980 546 3012 Aliter
570 2983 688 3013 statuit
711 2982 861 3015 Ritterus
886 2984 908 3015 l.
935 2985 977 3023 l.,
1009 2985 1068 3028 qui
1101 2995 1204 3028 quum
1237 2985 1400 3027 plurimo-

1471 1280 1545 1301 rum
1570 1268 1769 1310 opinionem
1794 1268 1949 1301 Tacitum
1974 1280 1994 1300 a
2021 1269 2237 1311 Quintiliano
2262 1269 2331 1301 dici
2356 1269 2563 1302 credentium

1472 1327 1554 1358 olim
1572 1330 1706 1359 secutus
1722 1330 1821 1363 esset,
1846 1336 1936 1358 nunc
1950 1325 2156 1359 Oremutium
2169 1328 2309 1371 agnovit
2325 1330 2427 1370 atque
2436 1337 2562 1369 propo-

1471 1385 1537 1417 sita
1549 1385 1746 1417 coniectura
1757 1394 1852 1429 quae
1864 1382 2026 1424 dixisset,
2035 1384 2237 1419 emat-uerit
2250 1385 2317 1417 hoc
2333 1385 2561 1417 circumcisio-

1470 1442 1524 1474 nis
1550 1452 1637 1485 opus
1660 1442 1808 1474 Marciae
1825 1439 1987 1474 Cremutii
2010 1441 2102 1475 filiae
2126 1442 2301 1476 vindicare
2318 1442 2457 1475 studuit.
2497 1440 2562 1475 Oui

1471 1500 1705 1538 coniecturae,
1731 1503 1767 1531 ut
1783 1498 1824 1531 de
1845 1500 2043 1531 auctoritate
2060 1499 2152 1531 verbi
2177 1498 2363 1533 emucendi
2386 1510 2456 1531 non
2478 1500 2562 1531 satis

1471 1559 1544 1588 tuta
1568 1557 1657 1588 nihil
1682 1557 1812 1594 dicam,
1845 1556 1909 1587 hoc
1935 1556 2030 1588 obest
2061 1556 2151 1598 quod
2175 1557 2248 1589 eius
2273 1557 2356 1589 facti
2389 1567 2469 1588 sane
2492 1566 2561 1589 me-

1471 1613 1647 1646 morabilis
1679 1623 1749 1645 non
1781 1612 1883 1645 modo
1908 1612 2006 1644 nulla
2036 1613 2080 1644 ad
2104 1623 2168 1645 nos
2202 1614 2358 1655 pervenit
2388 1613 2563 1652 memoria,

1471 1670 1530 1702 sed
1556 1670 1687 1704 Seneca
1723 1669 1862 1702 Consol.
1887 1670 1930 1701 ad
1954 1670 2113 1702 Marciam
2137 1669 2170 1710 1,
2206 1671 2266 1714 qui
2291 1671 2384 1703 solus
2408 1671 2561 1714 vulgato-

1470 1739 1544 1759 rum
1569 1729 1713 1769 posthac
1736 1738 1799 1769 per
1822 1728 1929 1758 filiam
1954 1728 2060 1769 patris
2077 1729 2261 1759 Annalium
2283 1730 2480 1760 memoriam
2495 1739 2561 1760 ser-

1471 1785 1580 1823 vavit,
1613 1788 1745 1816 tantum
1769 1785 1865 1817 abest
1888 1788 1925 1817 ut
1948 1785 2027 1816 talis
2060 1785 2257 1817 mutationis
2282 1785 2488 1818 mentionem
2512 1785 2563 1817 in·

1470 1842 1597 1882 iecerit,
1623 1846 1660 1874 ut
1683 1852 1723 1874 eo
1748 1841 1850 1874 modo
1875 1843 1977 1874 verba
2001 1842 2115 1880 faciat,
2140 1852 2207 1885 quo
2223 1842 2279 1875 vel
2296 1852 2359 1885 pro
2376 1842 2455 1884 ipsa
2469 1841 2562 1874 filiae

1469 1909 1549 1941 erga
1573 1902 1704 1941 patrem
1728 1899 1855 1941 pietate
1887 1903 1989 1942 atque
2020 1908 2083 1940 pro
2116 1902 2242 1931 mutato
2275 1910 2385 1931 rerum
2409 1899 2562 1941 publica—

1468 1967 1542 1987 rum
1569 1960 1658 1988 statu
1683 1957 1888 1988 contrarium
1913 1957 2085 1999 probetur.
2140 1954 2189 1990 Ut
2218 1966 2305 1990 vero
2339 1957 2468 1998 inquit,
2500 1953 2564 1989 ali-

1470 2024 1581 2060 quam
1613 2012 1842 2048 occasionem
1874 2013 2030 2048 mutatio
2070 2016 2272 2059 temporum
2304 2011 2420 2054 dedit,
2462 2012 2561 2060 inqe-

1471 2071 1572 2106 m'um
1592 2070 1721 2119 patris
1745 2070 1821 2112 tui,
1846 2069 1890 2106 de
1915 2082 1988 2119 quo
2011 2074 2198 2118 sumptum
2222 2074 2305 2106 erat
2328 2068 2561 2118 srqvplicium,

1471 2127 1509 2163 in
1534 2141 1642 2165 usum
1666 2127 1853 2164 hominum
1879 2127 2079 2171 reduxisti,
2113 2132 2148 2163 et
2172 2140 2197 2163 α
2219 2138 2303 2163 vem
2323 2126 2424 2163 illum
2447 2126 2561 2163 vindi-

1471 2187 1567 2221 casti
1596 2191 1736 2228 morte,
1775 2198 1821 2221 ac
1854 2186 2050 2222 restituisti
2080 2186 2116 2220 in
2143 2184 2295 2232 publica
2325 2188 2562 2220 monumenta

1470 2241 1605 2285 libros,
1632 2255 1725 2290 quos
1748 2245 1807 2279 vir
1831 2242 1891 2278 ille
1910 2243 2140 2287 fortissimus
2155 2243 2338 2289 sanquine
2359 2253 2426 2277 suo
2444 2243 2561 2289 scrip·

1469 2304 1581 2335 serat.
1621 2300 1765 2347 Optime
1788 2299 1955 2336 meruisti
1977 2298 2020 2334 de
2046 2297 2227 2334 Romanis
2249 2297 2403 2334 studiis.-
2426 2310 2562 2346 maqno

1468 2355 1617 2392 illorum
1638 2368 1732 2405 pars
1755 2360 1909 2392 arserat.
1955 2356 2098 2403 Optime
2122 2354 2165 2389 de
2184 2356 2370 2402 posteris.-
2395 2355 2449 2390 ad
2470 2367 2564 2404 quos

1469 2415 1588 2449 reniet
1624 2415 1844 2459 incorrupta
1868 2425 1991 2447 rerum
2012 2413 2123 2457 fides,
2156 2413 2304 2446 auctori
2334 2425 2402 2447 suo
2427 2425 2563 2459 mayno

1471 2470 1665 2517 imputata.
1719 2471 1860 2517 Optime
1892 2469 1934 2504 de
1964 2470 2041 2516 ipso
2056 2484 2066 2503 .-
2099 2468 2204 2504 cuius
2235 2468 2332 2516 riyet
2354 2468 2564 2517 viqebitque

1471 2529 1663 2569 memoria,
1697 2526 1871 2575 quamdiu
1899 2525 2014 2572 fuerit
2046 2526 2082 2561 in
2108 2525 2236 2573 pretio
2272 2525 2446 2561 Romana
2478 2538 2563 2575 coq-

1473 2586 1575 2620 nosci
1583 2599 1598 2626 ,-
1623 2584 1795 2632 quamdiu
1820 2584 2015 2632 quisquam
2041 2582 2131 2624 erit,
2157 2583 2220 2630 qui
2243 2583 2379 2617 reverti
2402 2582 2492 2618 velit
2515 2583 2569 2618 ad

1472 2646 1558 2676 acta
1581 2642 1762 2675 maiorum
1769 2654 1783 2680 ‚·
1807 2638 1981 2687 quamdiu
2006 2641 2224 2688 quisquam,
2258 2640 2323 2687 qui
2345 2640 2432 2676 velit
2454 2641 2565 2681 scire,

1472 2698 1562 2745 quid
1588 2699 1638 2734 sit
1669 2697 1729 2732 vir
1754 2696 1968 2738 Romamn,-
2003 2696 2096 2744 quid
2114 2696 2281 2732 subactis
2313 2697 2388 2732 iam
2414 2698 2564 2733 cen-ici-

1470 2755 1537 2792 bus
1561 2755 1720 2791 omnium
1744 2759 1780 2790 et
1804 2754 1856 2790 ad
1880 2753 2119 2790 Seianianum
2152 2754 2280 2802 iuyum
2304 2754 2473 2798 adactis,
2508 2756 2566 2791 in-

1471 2812 1631 2849 domitus
1661 2814 1710 2848 sit
1748 2812 1878 2853 homo,
1919 2813 2067 2859 inyem'o
2077 2794 2277 2853 >animm
2317 2825 2433 2849 manu
2466 2813 2565 2851 liber.

1471 2869 1651 2916 Maqnum
1675 2868 1874 2904 mehercule
1899 2869 2153 2904 detrimentum
2178 2868 2385 2915 respublica
2409 2876 2567 2918 ceperat,

1468 2925 1500 2961 sa·
1525 2924 1626 2961 illum
1650 2925 1694 2961 ob
1718 2925 1812 2962 duas
1835 2930 1967 2972 partes
1988 2925 2262 2973 pulcherrimas
2286 2926 2325 2961 in
2350 2927 2565 2963 oblivionem

1470 2984 1695 3024 coniectum,
1721 2982 1966 3031 eloquentiam
1992 2988 2028 3020 et
2053 2983 2273 3024 libertatem,
2299 2996 2373 3019 non
2397 2986 2565 3020 eruis-ses.
