2892 3570
1305 179 1635 225 „16-

335 319 454 378 382„
494 320 537 367 id
562 326 713 367 tamen
751 335 869 365 cave
893 332 995 363 cum
1020 318 1176 379 Aspre
1214 317 1332 380 apud
1358 316 1572 364 Servium
1607 314 1664 360 ad
1688 315 1808 361 Aen.
1836 315 1864 361 l.
1891 315 1919 361 l.
1946 328 2009 361 ex
2034 329 2118 363 usu
2144 326 2327 380 repetas
2352 326 2590 383 maiorum„

330 406 379 446 ut
404 402 481 457 ait„
520 401 595 462 qui
620 400 948 445 nominativum
984 399 1216 444 misissent
1238 399 1284 443 in
1310 411 1383 452 es,
1419 396 1538 442 unde
1569 396 1801 456 genitivus
1830 394 1996 451 Tydeia
2020 401 2066 442 et
2089 400 2180 442 tum
2223 397 2386 458 Tydei,
2423 407 2590 452 omissa

331 480 411 526 litt.
437 496 476 534 s,
515 479 781 541 prodiisset:
820 493 925 524 nam
950 484 1073 540 patet
1098 475 1221 522 illam
1247 476 1441 522 formam
1467 482 1701 539 poetarum
1727 473 2044 539 synaloephae
2078 477 2212 524 unice
2239 477 2420 547 deberi„
2458 499 2590 547 quam

333 563 475 623 ipsam
503 558 671 606 Fabius
697 558 1005 621 reprehendit.
1068 558 1195 604 Haec
1222 572 1356 618 quum
1382 559 1441 623 ita
1467 560 1571 616 sint„
1599 556 1744 603 adhuc
1769 571 1861 603 non
1888 558 2032 618 piguit
2057 571 2128 602 me
2155 560 2445 611 coniecturae
2472 581 2590 627 qua-

334 641 545 700 draginta
573 639 764 701 amplius
790 641 922 686 annis
954 639 1103 685 factae
1127 639 1262 683 Atrei.

1227 809 1348 855 Libri
1388 809 1479 866 Ill„
1519 809 1577 865 6.
1617 809 1695 856 59.

431 902 529 948 Sed
550 903 669 961 quod
687 903 830 959 ipsius
854 904 907 947 de
930 903 998 946 Itis
1023 902 1146 946 libris
1168 903 1378 946 iudicium
1400 900 1560 958 ficem,
1595 914 1731 957 supra
1762 900 1876 944 dimi.
1929 897 2046 946 Stant
2070 901 2186 945 enim
2214 902 2329 947 velut
2355 920 2486 959 reye-

427 990 524 1027 stae
558 985 604 1027 in
635 983 715 1027 hos
750 984 1106 1035 commentarios,
1144 996 1251 1039 quos
1289 980 1543 1025 adolescens
1579 980 1853 1034 deduxerat,
1890 979 2095 1024 scholae:
2138 986 2183 1023 et
2216 981 2256 1024 si
2301 996 2384 1040 qua
2420 991 2486 1032 est

428 1064 474 1107 in
498 1063 566 1106 his
590 1063 744 1120 σπῖρα,
784 1062 995 1106 tradenti-3
1019 1069 1112 1105 esc:
1147 1063 1237 1105 sive
1261 1076 1360 1105 eum
1395 1063 1539 1114 movit,
1577 1061 1696 1118 quod
1717 1059 2017 1114 Hermayoras
2037 1062 2186 1118 prima
2210 1062 2256 1105 in
2279 1061 2360 1107 hoc
2385 1063 2480 1108 loco

426 1144 577 1199 posuit
610 1142 820 1199 exempht
852 1156 916 1185 esc
958 1142 1277 1199 quaestionibus
1311 1142 1448 1195 iuris;
1483 1142 1595 1193 sive,
1632 1140 1750 1199 quod
1771 1139 1937 1185 Graeci
1970 1137 2291 1204 πραγματικοὺς
2329 1150 2479 1189 vocant

428 1223 538 1267 iuris
562 1223 834 1279 interpretes.
885 1221 984 1267 Sed
1005 1223 1160 1266 Cicero
1196 1223 1372 1280 quidem
1407 1228 1491 1268 etc.

327 1326 592 1387 Excerptae
628 1341 691 1372 ex
717 1325 956 1372 Ciceronis
994 1325 1111 1371 libro
1148 1324 1498 1371 Rhetoricorum
1537 1326 1680 1387 primo
1716 1325 1964 1373 definitioni
2003 1332 2144 1373 status
2169 1325 2413 1386 negotialis
2449 1341 2585 1388 supra

325 1408 493 1469 scripta
528 1405 675 1452 verba
702 1406 1006 1464 Quintilianus
1041 1421 1097 1452 eo
1134 1405 1222 1451 fine
1261 1405 1466 1460 subiicit.
1511 1412 1557 1452 ut
1582 1406 1807 1467 quomodo
1835 1406 1951 1453 falsa
1979 1407 2055 1452 illa
2082 1405 2281 1452 delinitio
2309 1420 2334 1451 a
2361 1405 2586 1452 Cicerone

324 1486 487 1532 tradita
514 1492 788 1543 excusetur„
833 1486 1048 1532 videlicet
1083 1486 1343 1533 conditione
1384 1487 1598 1533 iuvenilis
1636 1488 1808 1545 ingenii
1848 1489 2008 1548 partim
2047 1502 2072 1532 a
2099 1487 2356 1548 praeceptis
2382 1488 2584 1545 magistri

321 1566 561 1627 pendentis
587 1568 747 1627 partim
786 1581 847 1611 ex
885 1567 985 1612 aliis
1022 1569 1161 1627 ipsius
1198 1566 1459 1623 erroribus.
1500 1581 1611 1627 quos
1646 1565 1807 1613 verbis
1844 1568 1934 1610 sire
1958 1580 2056 1610 eum
2087 1567 2216 1609 movit
2245 1591 2302 1597 —
2331 1566 2587 1621 interpretes

326 1645 561 1702 indicavit„
589 1652 820 1707 appareat.
873 1645 1062 1708 Culpam
1090 1647 1226 1705 igitur
1253 1648 1313 1691 ait
1338 1646 1479 1693 fuisse
1506 1652 1579 1691 aut
1609 1645 1844 1703 tradentis.
1885 1652 1959 1692 aut
1984 1647 2027 1692 in
2056 1659 2263 1692 errorem
2290 1643 2467 1691 abducti
2492 1659 2586 1690 ex-

324 1725 575 1787 emplorum
613 1725 668 1771 ab
708 1725 996 1785 Hermagora
1036 1728 1284 1786 positorum
1334 1726 1443 1772 sede
1490 1726 1565 1772 vel
1603 1728 1975 1787 interpretatione
2014 1741 2058 1771 v.
2102 1724 2396 1789 πραγματικοί.
2458 1724 2584 1770 Haec

323 1804 549 1852 sufficient
591 1805 646 1851 ad
685 1805 1010 1852 declarandum
1053 1807 1272 1851 orationis
1316 1821 1607 1867 processum.
1648 1808 1691 1851 in
1731 1820 1819 1868 quo
1854 1806 1964 1850 nihil
2002 1805 2139 1851 video
2178 1804 2428 1863 turbatum„
2466 1805 2584 1866 quod

324 1885 438 1932 vidit
458 1884 684 1933 Heusdius
706 1885 776 1931 De
796 1885 935 1931 Aelio
956 1885 1132 1931 Stilone
1160 1902 1200 1946 p.
1224 1886 1339 1942 105.
1367 1888 1441 1946 qui
1468 1886 1569 1931 ideo
1590 1888 1633 1931 in
1660 1889 1965 1948 suspicionem
1986 1887 2081 1931 vitii
2108 1885 2340 1946 abreptus„
2367 1890 2585 1945 transpo-

323 1967 487 2012 sitione
513 1965 718 2011 colorum
743 1965 892 2011 locum
918 1967 1066 2010 iuvari
1093 1965 1177 2010 hac
1203 1965 1287 2011 sibi
1312 1968 1553 2027 persuasit.
1581 1973 1627 2011 ut
1647 1969 1793 2012 statim
1827 1965 1882 2011 ab
1904 1968 2028 2011 initio
2055 1972 2156 2028 post
2176 1963 2414 2011 Ciceronis
2440 1963 2583 2010 verba

323 2046 420 2108 ipsa
446 2051 726 2108 ponerentur
752 2044 971 2092 inferiore
998 2044 1102 2091 loco
1129 2048 1321 2108 scripta:
1358 2048 1449 2091 eive
1474 2061 1571 2091 eum
1595 2048 1725 2092 movit
1754 2074 1810 2080 -—
1845 2048 2115 2104 interpretes.

1200 2218 1322 2264 Libri
1361 2218 1425 2264 IV
1496 2218 1552 2269 2.
1592 2218 1702 2263 131.

422 2298 557 2350 ,aderet
574 2312 658 2355 pro
687 2297 836 2341 Tullio
860 2298 1015 2342 Cicero
1028 2333 1041 2352 ,
1079 2298 1320 2352 „thdnm
1350 2253 1480 2343 habet
1500 2271 1550 2343 in!
1569 2313 1675 2354 ayro
1705 2299 1895 2343 Thurino
1922 2299 1992 2343 M.
2024 2299 2198 2343 Tullius
2218 2294 2450 2356 paternum

325 2399 688 2460 „Institutionum
716 2400 853 2447 editio
880 2400 1113 2448 Parisiaca
1140 2404 1245 2448 anni
1271 2400 1491 2448 MDXLII
1518 2401 1651 2448 habet
1676 2403 1723 2447 in
1747 2417 1855 2457 uyro
1885 2403 2111 2456 Timar-ino,
2150 2408 2196 2448 ut
2221 2409 2265 2448 et
2292 2402 2442 2447 codex
2468 2416 2582 2446 unus

322 2480 658 2526 Ambrosianus
686 2480 964 2537 Quintiliani.
1027 2482 1201 2528 Verum
1236 2482 1375 2543 longe
1411 2483 1578 2529 rectius
1605 2482 1722 2529 aliae
1749 2481 1973 2529 editiones
1998 2483 2044 2526 in
2068 2497 2175 2537 ayro
2205 2481 2424 2535 Tlmrino,
2463 2481 2581 2541 quod

320 2559 589 2605 confirmant
623 2567 716 2607 tres
754 2561 883 2607 codd.
921 2562 1216 2610 Ambrosiani
1251 2562 1452 2609 eiusdem
1487 2562 1762 2619 Quintiliani.
1808 2561 1990 2624 Reapse
2026 2563 2124 2622 quis
2158 2561 2391 2622 praedium
2430 2560 2583 2606 divitis

328 2642 417 2685 viri
455 2643 633 2687 romani
670 2642 788 2687 inter
825 2648 1002 2689 montes
1036 2645 1183 2704 potius
1210 2642 1474 2701 Helvetios„
1515 2658 1645 2704 quam
1678 2644 1722 2689 in
1749 2641 1978 2689 Lucaniae
2004 2642 2137 2688 beato
2165 2657 2280 2701 agro
2307 2639 2577 2703 requirat?“

319 2720 441 2780 Ang.
468 2720 615 2766 Maius
642 2721 698 2767 ad
725 2720 819 2767 Cic.
847 2735 930 2783 pro
956 2722 1105 2769 Tullio
1142 2738 1183 2785 p.
1199 2721 1276 2769 27.
1306 2722 1375 2768 ed.
1392 2721 1514 2769 Frcf.
1565 2723 1739 2769 Recte:
1780 2722 1895 2768 adde
1923 2723 2041 2784 quod
2069 2736 2202 2783 quum
2229 2735 2337 2775 affer
2365 2721 2584 2765 'I'hurimes

317 2799 525 2847 omnibus
550 2806 682 2848 notus
708 2806 832 2848 esset
856 2801 930 2860 (V.
952 2800 1083 2850 Caes.
1115 2802 1215 2850 Civ.
1242 2802 1324 2860 ΙΙΙ,
1352 2802 1430 2849 22.
1458 2801 1555 2848 Liv.
1582 2802 1802 2861 XXXIV„
1830 2803 1950 2862 53).
1989 2803 2062 2848 ubi
2101 2801 2275 2865 praedii
2304 2803 2414 2847 situs
2440 2814 2580 2846 accu-

318 2885 416 2926 rate
452 2880 720 2928 indicandus
745 2887 872 2940 erat„
913 2880 1076 2929 Cicero
1113 2882 1308 2930 obscuro
1347 2883 1423 2929 illa
1462 2890 1607 2930 aetate
1646 2886 1828 2930 nomine
1866 2886 1964 2939 ‹tqri
1987 2884 2188 2938 Tiqurini
2212 2882 2255 2928 id
2282 2882 2462 2942 assequi
2496 2881 2580 2925 vix

315 2961 548 3022 potuisset.
575 2955 727 3007 Aliam
754 2977 937 3009 causam
950 2963 1238 3010 Heinrichius
1258 2964 1373 3010 Tull.
1392 2969 1505 3010 orat.
1528 2963 1688 3024 fragm.
1716 2979 1756 3026 p.
1778 2964 1857 3010 73.
1885 2963 2068 3024 Urgere
2095 2962 2220 3020 nolo.
2248 2961 2366 3025 quod
2393 2961 2582 3022 insuper

314 3039 466 3087 Tui-ic.
493 3055 593 3087 eam
619 3042 761 3103 ipsam
787 3041 1008 3101 formam„
1047 3060 1133 3105 qua
1162 3044 1325 3090 Cicero
1352 3060 1459 3090 usus
1485 3043 1644 3102 fuerit„
1680 3049 1880 3106 praestet
1915 3043 2092 3087 Τιινίηο.
