2892 3570
1269 112 1599 159 ..13-

302 265 419 310 vero
444 252 646 298 omnium.
685 250 803 298 Nam
829 250 917 298 alia
939 250 1285 320 ratio-eiusdem
1312 249 1532 315 phraseos
1558 253 1604 311 §.
1625 251 1703 301 28.
1744 251 1899 312 Quare
1925 268 2017 301 non
2044 253 2189 317 probo
2215 254 2333 316 quod
2361 256 2560 301 ombus

303 327 569 378 Bonnellius
594 334 790 394 scripsit„
817 346 952 393 quum
976 333 1245 395 praesertim
1264 346 1366 384 cum
1384 330 1680 389 Enderleinio
1706 332 1957 395 frequentis
1983 335 2102 382 illius
2123 337 2296 382 erroris
2314 335 2557 391 recordor„

301 424 390 472 quo
414 409 609 476 ¹ltonn'nea
633 417 678 457 et
703 424 850 456 omnes
873 413 917 457 in
943 411 1052 458 Mss.
1079 409 1295 457 confundi
1322 411 1482 458 solent.

1326 551 1372 606 §.
1425 549 1534 597 126.

407 614 548 682 Quem
564 644 650 674 non
667 630 867 687 equidem
886 631 1056 673 οηιηίηο
1076 631 1266 673 conabar
1283 640 1507 685 excutere,
1549 631 1631 674 sed
1640 632 1884 688 potioribus
1898 632 2122 689 praeferri
2141 646 2227 676 non
2245 632 2453 686 sinebam,

402 722 511 766 qino-s
535 708 612 752 ine
635 723 721 753 ηοη
747 710 973 754 destiterat
995 710 1236 764 incessere,
1275 723 1375 754 cum
1400 709 1559 755 diversa·
1581 712 1667 756 sibi
1689 712 1892 756 conscius
1912 713 2101 767 qnaeris,
2133 712 2314 769 placere
2337 726 2385 756 se
2408 713 2453 756 in

410 789 596 834 dicendo
617 803 762 846 posse,
795 790 950 847 quibus
974 789 1044 836 illa·
1062 789 1318 847 placerent,
1354 787 1592 848 diffideret.

300 879 376 926 Ab
403 878 488 926 hac
513 879 710 926 lectione
731 879 997 928 Bonnellius
1025 881 1216 928 descivit
1240 879 1482 930 scribendo
1502 882 1655 940 quibu-s
1677 880 1747 926 illi
1764 881 1960 940 placent,
1987 882 2158 940 invitis„
2186 883 2366 943 opin0r3
2400 881 2553 938 Quin-

300 960 456 1007 tiliano
484 965 616 1023 atque
642 962 777 1008 etiam
804 960 1002 1020 Seneca„
1029 962 1154 1009 cuius
1183 959 1258 1008 ille
1284 966 1479 1023 mentem
1504 961 1716 1024 explicat.
1762 961 1866 1009 Non
1894 963 2043 1022 agitur
2069 962 2190 1008 enim
2217 960 2273 1008 de
2298 959 2555 1010 hominibus

300 1043 371 1099 iis„
411 1040 571 1102 quibus
598 1041 778 1088 Seneca
805 1042 989 1103 placere
1016 1045 1242 1105 cupisset„
1280 1041 1360 1089 sed
1394 1041 1449 1088 de
1477 1042 1686 1103 placendi
1714 1043 1860 1090 studio
1887 1045 2020 1089 etiam
2047 1044 2091 1088 in
2119 1044 2173 1089 iis
2199 1041 2469 1102 generibus,
2509 1044 2553 1088 in

301 1119 462 1183 quihus
500 1120 614 1168 alios
648 1120 833 1184 placere
870 1121 1083 1170 vidisset:
1122 1122 1204 1171 hos
1240 1123 1394 1185 igitur„
1438 1123 1529 1169 suis
1555 1122 1693 1183 ipsius
1726 1121 1900 1170 viribus
1938 1120 2127 1181 diffisusq
2167 1121 2347 1169 Seneca
2383 1121 2555 1169 invidia

301 1207 569 1264 prosecutus
596 1207 691 1259 estq
733 1200 875 1248 Fabio
902 1204 1061 1250 merito
1089 1203 1353 1266 improbata.
1405 1201 1560 1261 Haec„
1599 1203 1643 1249 ni
1670 1201 1822 1261 fallor.,
1859 1202 1948 1249 loci
1973 1204 2109 1251 ratio:
2148 1217 2173 1248 a
2211 1216 2297 1264 qua
2331 1217 2555 1265 praesens

296 1271 476 1338 placent
500 1281 697 1326 alienum
724 1298 845 1327 esse.
873 1298 948 1328 res
975 1285 1072 1344 ipsa
1093 1283 1227 1328 docet
1250 1285 1294 1328 in
1322 1283 1483 1327 iudicio
1505 1282 1714 1328 Senecae
1740 1283 1878 1344 ipsius
1904 1284 2127 1343 apposito.
2155 1297 2246 1327 non
2273 1282 2552 1338 Quintiliani.

301 1360 433 1406 Unde
460 1360 590 1406 simul
618 1363 835 1422 sequiturq
863 1364 1009 1419 magis
1036 1363 1320 1424 perspicuam
1344 1361 1445 1407 fore
1465 1363 1715 1407 orationem
1743 1361 2008 1407 revocando
2033 1363 2079 1405 in
2105 1367 2210 1407 ante
2235 1361 2405 1418 quibus,
2434 1360 2554 1422 quod

299 1456 398 1487 cum
428 1441 550 1486 Flor.
591 1448 823 1503 praestant
849 1442 1033 1490 Bamh..
1073 1444 1178 1489 lieet
1213 1443 1286 1489 hic
1317 1444 1490 1505 punctis
1518 1442 1636 1488 infra
1664 1444 1845 1504 positis„
1884 1448 1928 1487 et
1956 1441 2109 1503 Camp.
2136 1443 2301 1488 vitiose
2328 1440 2553 1489 exhibens

294 1560 471 1603 possem
498 1547 663 1603 quibus,
728 1546 913 1591 Scilicet
939 1545 1095 1591 Bamh.
1124 1561 1256 1607 quum
1280 1518 1458 1604 placeat
1481 1544 1702 1591 exhibere
1728 1545 1933 1602 videret.¹
1974 1545 2239 1590 Bonnellius
2265 1545 2382 1605 quod
2410 1547 2553 1606 prima

299 1652 459 1685 manus
485 1639 733 1699 scripserat
759 1637 1027 1699 amplexus„
1065 1651 1157 1682 non
1191 1639 1420 1699 reputavit
1445 1639 1577 1684 etiam
1604 1651 1707 1683 esse
1742 1636 1815 1682 ubi
1842 1636 2012 1692 altera,-
2052 1637 2259 1697 quamvis
2285 1636 2552 1697 plerumque

299 1719 342 1763 in
370 1717 716 1779 corrumpendis
742 1720 865 1764 sanis
908 1717 991 1768 sibi
1016 1717 1213 1779 placeat„
1250 1719 1494 1777 genuinam
1532 1718 1774 1764 lectionem
1800 1723 2027 1779 praestet„
2067 1715 2182 1777 quod
2222 1731 2267 1762 v.
2304 1731 2341 1762 c.
2384 1715 2553 1762 factum

850 1792 909 1809 (Um

297 1822 343 1878 ξ.
374 1820 471 1867 123
496 1821 541 1866 in
568 1822 792 1883 scriptura
817 1821 971 1875 etiam,
1009 1819 1087 1866 vel
1113 1821 1247 1867 etiam
1274 1821 1419 1868 statim
1446 1821 1487 1866 in
1515 1819 1825 1882 sequentibus„
1863 1819 1937 1867 ubi
1964 1818 2123 1866 eadem
2159 1817 2357 1865 conditio
2384 1817 2554 1865 codicis

298 1914 342 1958 in
370 1926 490 1958 voce
514 1925 565 1956 eo
589 1913 673 1969 (ab
698 1926 749 1957 eo
774 1889 1060 1971 definiebant).

1323 2051 1369 2106 §.
1428 2048 1536 2095 130.

403 2127 462 2173 N
459 2142 533 2172 am
554 2127 596 2172 εἰ
619 2127 769 2186 aliqua
793 2128 1104 2183 comem-sisset,
1129 2128 1168 2172 si
1188 2143 1349 2186 parum
1370 2142 1454 2173 non
1487 2127 1776 2185 cmicupieset,
1801 2126 1841 2171 si
1864 2141 1949 2171 non
1974 2126 2118 2170 ormzia
2141 2140 2223 2170 sua
2246 2132 2451 2179 anua-sset,

392 2209 434 2252 ai
451 2221 599 2252 rerum
615 2209 811 2265 pondera
830 2209 1131 2254 minutissimis
1148 2210 1373 2254 εεηιεηιὶἱε
1391 2223 1474 2254 non
1495 2208 1730 2265 freyisset:
1766 2220 1978 2251 consensu
1997 2208 2144 2263 potius
2167 2206 2449 2259 emditomm,

407 2303 538 2346 quam
559 2303 800 2346 puerorum
825 2303 972 2333 amore
996 2290 1365 2347 comprobaretur.

302 2379 531 2427 Convenit
556 2382 674 2426 inter
700 2382 827 2427 viros
854 2380 1011 2427 doctos
1038 2381 1093 2427 de
1119 2383 1259 2440 vitio„
1299 2396 1386 2444 quo
1413 2381 1611 2441 genuina
1638 2379 1726 2425 loci
1753 2380 1974 2440 scriptura
2001 2378 2044 2422 in
2073 2391 2116 2422 v.
2140 2390 2299 2434 parum
2327 2375 2552 2421 occultata

301 2462 380 2506 sit:
420 2475 507 2506 nec
532 2467 682 2506 tamen
710 2461 828 2522 quod
855 2462 899 2506 in
927 2476 977 2506 re
1004 2460 1245 2523 desperata
1272 2461 1480 2507 accidere
1507 2460 1624 2506 solet
1648 2466 1694 2505 ut
1731 2459 1890 2505 affecto
1930 2458 2031 2503 loco
2059 2455 2327 2501 medicinam
2353 2457 2554 2517 paraturi

300 2541 601 2602 undecunque
628 2541 889 2599 adcurrant„
916 2540 989 2587 hic
1010 2540 1178 2588 factum
1210 2547 1304 2589 est:
1342 2556 1446 2588 nam
1474 2542 1695 2587 rationem
1732 2553 1823 2584 non
1862 2537 2008 2584 habeo
2046 2550 2204 2582 eorum
2242 2536 2555 2593 tentaminum„

301 2620 461 2681 quibus
487 2621 693 2667 nonnulli
714 2636 874 2679 parum
899 2623 1078 2668 servari
1104 2622 1182 2668 vel
1213 2628 1420 2668 contorta
1440 2621 1744 2682 explicatione
1770 2633 1907 2680 posse
1934 2616 2091 2663 confisi
2117 2622 2233 2663 sunt.
2270 2615 2330 2663 Ut
2355 2617 2557 2662 omittam

302 2700 560 2747 Buttmanni
587 2702 848 2759 audaciam„
876 2704 949 2764 qui
976 2709 1162 2768 servato
1184 2717 1346 2760 parum
1368 2704 1490 2748 iuxta
1517 2700 1742 2746 excidisse
1768 2700 1933 2759 putarit
1957 2697 2305 2754 concupiscenda
2330 2696 2408 2742 vel
2447 2711 2559 2741 con-

308 2783 551 2846 venientia,
589 2782 667 2829 vel
706 2782 824 2843 quod
862 2784 1043 2829 criticus
1081 2783 1258 2846 quidam
1297 2782 1411 2829 alius
1436 2779 1712 2828 restituendo
1733 2793 1921 2836 parrum
1943 2793 2026 2840 pro
2047 2791 2206 2835 parum
2231 2776 2381 2822 locum
2408 2778 2563 2823 sanari

302 2859 385 2906 sibi
412 2865 636 2924 persuasit
662 2859 750 2921 ¹⁸):
788 2877 922 2909 unam
947 2862 1169 2923 Madvigii
1192 2861 1259 2924 ¹⁹]
1286 2865 1410 2909 iuvat
1435 2861 1653 2908 adnotare
1679 2861 1986 2905 coniecturam
2009 2864 2196 2916 partem,
2217 2856 2426 2919 Zumptio
2453 2857 2561 2903 olim

349 2993 408 3036 18)
434 2994 563 3029 Philol.
588 2997 689 3039 paed.
710 2995 944 3030 Litteraturbl.
971 2997 1071 3030 1827.
1096 2996 1160 3030 No.
1184 2996 1240 3029 27.
1265 3008 1299 3040 p.
1324 2997 1403 3031 239.
1521 2996 1576 3039 19)
1603 2994 1759 3030 Seebodii
1782 2992 1871 3027 Krit.
1896 2992 1984 3025 Bibl.
2013 2992 2112 3025 1828.
2136 2991 2201 3025 No.
2227 2991 2283 3024 7⁹.
2308 3002 2343 3034 p.
2369 2990 2446 3024 6³0.
