2892 3570
1300 113 1605 159 -4-

319 249 586 309 discedunt„
621 249 741 311 quod
766 250 840 295 hic
864 257 912 296 ut
935 251 1205 312 plerumque
1231 256 1365 311 atque
1390 251 1526 297 etiam
1552 265 1577 296 a
1603 250 1855 297 novissimo
1892 249 2069 300 editore
2095 253 2262 303 factum
2297 264 2393 315 est„
2442 263 2581 303 totum

318 329 470 374 locum
495 345 634 392 supra
659 332 874 391 scriptum
901 330 958 375 ad
983 344 1121 376 unum
1146 329 1437 377 historiarum
1461 331 1731 392 scriptorem
1756 330 1989 392 pertinere
2015 335 2319 395 existimavit„
2363 336 2439 383 ille
2464 351 2580 383 vero

320 409 434 456 duos
470 410 663 469 intelligi
689 409 851 467 voluit„
876 411 935 455 ita
974 416 1021 455 ut
1046 409 1206 456 verbis
1230 410 1718 467 superest-intelliyitur
1742 424 1876 466 unus„
1914 410 2111 473 indeque
2148 414 2440 476 sequentibus
2466 414 2582 460 alter

319 488 598 550 significatus
632 490 718 548 sit,
754 495 800 536 et
835 488 908 536 hic
934 489 1114 551 quidem
1141 489 1398 539 Cremutius
1436 489 1644 548 Cordus,
1681 490 1774 537 illic
1800 488 1969 537 Fabius
2006 491 2247 545 Rusticus:
2286 510 2374 557 quo
2399 495 2458 543 de
2481 494 2580 541 dis-

319 571 507 616 crimine
544 571 737 632 primum
774 568 1016 616 dicendum
1050 576 1149 628 est„
1199 570 1565 630 quandoquidem
1601 571 1789 617 istorum
1828 568 2106 632 verborum,
2144 588 2260 636 quae
2297 575 2353 622 ab
2390 581 2579 635 utroque

320 648 551 697 Cremutio
588 648 908 708 vindicantur„
946 665 1090 698 verus
1126 650 1385 698 intellectus
1418 666 1482 697 ex
1507 651 1773 711 quaestione
1811 656 1942 712 aptus
1976 653 2062 710 sit„
2098 668 2204 700 num
2230 661 2349 703 totus
2372 655 2499 702 locus
2524 653 2579 699 ad

319 728 595 778 Cremutium
621 729 896 778 referendus
922 732 978 778 sit
1002 745 1164 778 necne.
1238 731 1391 792 Atque
1428 731 1501 778 hic
1538 730 1716 794 quidem
1742 729 2050 794 Nipperdeius
2075 734 2121 779 in
2146 750 2308 782 errore
2332 735 2438 782 mihi
2463 749 2580 781 ver-

317 813 409 859 sari
443 811 655 870 videtur„
694 811 813 873 quod
839 813 993 874 priore
1032 812 1119 858 loci
1157 818 1288 873 parte
1327 812 1557 859 Rusticum
1596 810 1844 871 significari
1881 811 2019 870 dixit„
2069 818 2279 874 quoniam
2317 817 2404 863 hoc
2436 818 2578 862 invito

316 893 415 954 ipso
454 890 599 938 Fabio
637 891 804 939 factum
843 891 1006 948 fuerit.
1056 894 1129 953 qui
1164 893 1209 938 in
1248 907 1444 939 recensu
1482 894 1753 954 scriptorum
1791 893 2026 938 variorum
2069 909 2160 940 non
2199 899 2339 957 potuit
2380 911 2471 942 non
2518 898 2579 942 ita

317 986 490 1033 agere„
541 978 587 1018 ut
621 986 754 1034 quem
792 971 999 1018 laudaret
1036 978 1297 1030 auctorem„
1344 974 1528 1019 nomine
1566 988 1648 1020 suo
1687 971 1972 1034 appellaret:
2012 989 2038 1019 a
2069 988 2155 1035 qua
2182 976 2507 1023 consuetudine
2532 977 2577 1020 in

314 1067 407 1099 uno
445 1052 706 1098 Domitiano
741 1051 943 1099 Caesare
982 1051 1178 1109 defecit„
1217 1066 1350 1113 quem
1386 1068 1468 1099 cur
1503 1068 1593 1099 non
1622 1054 1805 1098 nomine
1831 1055 2075 1100 nominarit
2109 1071 2197 1100 non
2226 1063 2296 1102 est
2319 1055 2577 1113 obscurum„

317 1147 451 1193 quum
476 1133 745 1193 praesertim
774 1145 906 1192 quem
933 1131 1214 1191 significaret
1238 1146 1301 1177 ex
1338 1135 1585 1178 memoriae
1620 1133 1798 1178 ratione
1830 1139 2191 1192 cognosceretur
2217 1133 2408 1182 abunde.
2480 1132 2578 1181 Ita—

317 1227 404 1274 que
430 1219 580 1274 neque
601 1209 834 1258 Rusticum
860 1226 1009 1273 neque
1037 1212 1171 1258 alium
1199 1226 1469 1273 quemquam
1495 1213 1763 1275 scriptorem
1785 1210 1953 1259 Fabius
1979 1214 2023 1258 in
2050 1220 2199 1261 mente
2225 1213 2396 1262 habere
2421 1216 2577 1278 potuit.

316 1295 375 1339 ita
401 1299 449 1339 ut
473 1291 750 1354 superfluum
775 1294 863 1338 iam
890 1295 961 1349 sit„
990 1308 1147 1338 eorum
1176 1308 1289 1354 quos
1315 1309 1341 1338 a
1363 1292 1640 1349 Quintiliano
1667 1293 1858 1351 intelligi
1884 1295 2086 1353 potuisse
2113 1293 2213 1340 VV.
2241 1293 2339 1340 DD.
2367 1297 2576 1357 suspicati

317 1378 421 1421 sunt
431 1367 496 1432 ᾗ),
518 1373 786 1418 examinare
809 1387 913 1417 num
930 1374 1028 1432 quis
1042 1371 1184 1418 Fabio
1198 1371 1385 1419 Rustico
1406 1374 1554 1433 aptior
1574 1372 1864 1432 intelligatur.
1887 1372 2135 1419 Praeterea
2150 1373 2191 1419 N
2196 1374 2429 1436 ipperdeio
2450 1373 2578 1420 obest

316 1452 553 1500 familiaris
574 1450 718 1498 Fabio
744 1451 958 1513 loquendi
984 1468 1110 1511 usus,
1138 1467 1226 1514 quo
1245 1459 1447 1510 superest
1468 1451 1626 1507 adhuc,
1653 1453 1869 1514 temporis
1888 1451 2041 1499 habita
2061 1456 2237 1500 ratione
2257 1468 2342 1516 pro
2360 1461 2578 1511 superstes

316 1533 460 1580 adhuc
484 1539 575 1591 est,
612 1535 649 1580 is
675 1537 789 1579 teste
816 1530 988 1578 Baebio
1015 1533 1042 1579 l.
1070 1532 1125 1591 l..,
1153 1532 1257 1579 loco
1297 1538 1454 1580 nostro
1480 1537 1676 1594 excepto
1715 1533 1858 1579 semel
1895 1539 2095 1589 tantum„
2134 1534 2407 1595 quadragies
2443 1548 2576 1592 vero„

315 1613 391 1660 ubi
417 1613 473 1660 de
499 1614 552 1661 iis
579 1627 694 1674 quae
720 1612 765 1658 in
792 1610 881 1658 fine
909 1614 1062 1674 operis
1088 1628 1170 1660 seu
1197 1611 1528 1674 disputationis„
1567 1610 1785 1659 absolutis
1811 1615 1977 1660 ceteris
2002 1613 2222 1676 partibus7
2259 1613 2577 1676 pertractanda

315 1700 518 1752 restent.
556 1709 665 1741 usus
703 1709 807 1740 esse
845 1695 1114 1754 reperiatur.
1178 1692 1227 1739 Si
1254 1694 1342 1738 iam
1370 1699 1576 1754 apparet.
1615 1707 1706 1738 non
1740 1693 1795 1739 de
1823 1693 1998 1739 duobus
2023 1693 2239 1739 historiae
2265 1692 2576 1755 scriptoribus.9

316 1774 397 1823 sed
423 1773 479 1820 de
505 1789 596 1820 uno
623 1772 723 1820 solo
748 1789 832 1835 per
857 1779 996 1819 totum
1022 1774 1141 1819 hunc
1167 1774 1318 1819 locum
1345 1788 1603 1819 sermonem
1630 1788 1763 1831 esse7
1803 1776 2035 1834 quaeritur
2069 1788 2173 1819 num
2200 1774 2343 1818 altera
2379 1775 2461 1819 ista
2487 1786 2578 1835 po-

314 1859 506 1911 testate„
545 1867 677 1914 quam
705 1852 825 1909 dixi„
862 1858 1064 1909 superest
1097 1853 1241 1897 adhuc
1267 1851 1578 1914 accipiendum
1604 1855 1672 1899 sit.
1741 1853 1887 1909 Quam
1926 1855 2237 1913 quaestionem
2274 1865 2365 1898 non
2400 1854 2579 1898 movis-

314 1949 441 1992 sem„
482 1933 568 1980 nisi
594 1930 848 1978 Weberum
865 1967 878 1988 ,Ι
920 1933 994 1992 qui
1032 1947 1168 1977 unum
1195 1938 1428 1978 auctorem
1455 1934 1606 1978 statuit
1632 1931 1879 1994 significari
1895 1968 1909 1991 ,
1948 1933 2131 1980 dimissa
2170 1933 2312 1978 altera
2338 1934 2421 1979 ista
2446 1931 2578 1979 verbi

316 2020 568 2078 potestate„
607 2011 890 2061 intellexisse
917 2013 1333 2060 animadverterem
1359 2012 1529 2069 libros„
1568 2027 1681 2073 quos
1707 2015 1993 2075 scripsisset.
2025 2016 2158 2060 etiam
2185 2019 2290 2059 tunc
2315 2014 2578 2074 superstites

316 2101 362 2142 et
386 2099 627 2151 servatos„
666 2093 799 2153 idque
826 2091 990 2139 dictum
1024 2099 1209 2155 putasse
1234 2094 1411 2139 ratione
1437 2092 1735 2152 singularium
1761 2093 1986 2152 fatorum„
2026 2108 2142 2154 quae
2167 2094 2237 2138 isti
2271 2090 2403 2149 libri„
2440 2092 2579 2138 vide-

315 2175 423 2221 licet
448 2173 681 2231 Cremutii.¹
709 2172 978 2230 subiissent„
1017 2172 1181 2219 habita.
1231 2173 1324 2220 Sed
1351 2160 1558 2234 quamvis
1584 2186 1685 2218 eam
1710 2174 1841 2219 vocis
1866 2175 1960 2220 vim
1988 2173 2158 2220 adstrui
2183 2186 2321 2234 posse
2346 2169 2578 2218 Weberus

316 2255 398 2302 sibi
425 2255 706 2316 persuaserit
738 2268 799 2298 ex
837 2252 984 2298 allatis
1010 2252 1080 2298 his
1106 2252 1264 2298 verbis
1301 2253 1363 2310 Χ,
1393 2253 1440 2310 3„
1468 2251 1534 2297 28
1571 2265 1670 2296 cum
1706 2259 1824 2297 tanto
1853 2253 1988 2311 plura
2023 2251 2233 2310 exempla
2269 2251 2373 2296 bene
2409 2251 2580 2296 dicendi

313 2336 559 2394 supersint,
597 2348 689 2378 non
716 2334 824 2379 satis
850 2333 1122 2394 expendens
1149 2334 1269 2380 aliud
1296 2348 1400 2379 esse
1424 2347 1655 2389 superesse
1678 2334 1914 2391 exempla,
1950 2332 2070 2380 aliud
2096 2334 2261 2386 virum,
2299 2336 2447 2377 tamen
2482 2333 2578 2394 ipsa

314 2537 534 2587 intelliyitur
548 2537 615 2573 Im!
639 2541 824 2572 mnatores
840 2548 906 2572 nec
930 2537 1099 2574 inmerito
1117 2538 1255 2575 remutae·
1273 2536 1421 2574 liber-eas
1491 2537 1712 2587 intelliye'tur
1735 2536 1844 2573 habet
1866 2541 2056 2573 amatores
2079 2547 2146 2572 nec
2168 2533 2375 2570 imitatores
2396 2533 2452 2569 uti
2475 2532 2580 2569 Iiber-

315 2619 541 2657 quamquam
565 2592 820 2656 circumcisis}
844 2607 999 2641 dixisset
1018 2611 1034 2641 t
1051 2608 1231 2643 nocuen't.
1246 2619 1286 2644 se
1302 2606 1419 2642 latam
1490 2600 1550 2631 ἴω
1574 2606 1800 2644 qm&
1825 2593 2056 2657 ‘'ircmff‘fiff
2079 2604 2149 2641 9²¹⁶
2173 2591 2326 2626 ‘limet
2349 2590 2382 2626 ά
2405 2591 2582 2653 Μ’*

315 2665 485 2701 habunde
498 2664 671 2712 ,pir-uum
686 2667 729 2701 ut
742 2663 903 2701 audaces
925 2665 1130 2700 sententias
1153 2663 1418 2712 dep-ehem-
1488 2664 1528 2688 se
1543 2652 1682 2689 elatum
1699 2651 1871 2688 habunde
1885 2652 2064 2699 spirituus
2077 2654 2112 2686 et
2129 2647 2290 2685 audaces
2308 2650 2509 2684 smtmtaas
2523 2647 2580 2684 de-

410 2747 417 2753 .
590 2745 596 2751 .
932 2737 951 2758 ,-
983 2725 1027 2757 31,
1040 2734 1084 2755 m,
1100 2738 1131 2751 =
1143 2726 1233 2757 mm
1248 2721 1314 2757 0112
1330 2732 1415 2755 0017,
1482 2710 1695 2757 prehendas
1711 2710 1820 2744 etiam
1837 2709 1876 2744 in
1893 2708 1950 2744 Iu's
1967 2719 2062 2754 quae
2081 2708 2240 2741 manent.
2276 2706 2408 2737 Horum
2424 2706 2578 2738 codicum

315 2747 383 2782 das
404 2758 479 2782 mm
502 2757 541 2781 m
558 2745 616 2781 ἠε
640 2757 735 2794 quae
759 2748 908 2780 manent
933 2780 998 2802 sue
1094 2772 1130 2802 et
1242 2766 1313 2802 alie
1486 2768 1643 2800 notitiam
1669 2766 1807 2799 Weberi
1838 2766 2043 2811 humanitati
2068 2764 2184 2801 debeo,
2222 2761 2282 2805 qui
2305 2762 2440 2804 copiam
2463 2773 2578 2795 eorum

313 2827 525 2873 scriptores.
561 2827 658 2860 Alter
676 2827 782 2860 codex
798 2826 1051 2870 Brisgoviensis
1065 2826 1226 2869 Friburgi
1250 2828 1414 2863 servam&
1485 2834 1595 2867 nuper
1617 2827 1737 2856 nactus
1763 2824 1838 2866 ipse
1851 2834 1956 2866 quam
1973 2821 2227 2856 accuratissime
2251 2819 2442 2861 descripsit.

315 2896 403 2917 saec.
425 2884 483 2917 XI.
515 2884 724 2917 nitidissime
756 2884 921 2926 scriptus,
953 2884 1035 2915 haec
1066 2883 1190 2915 habet:
1236 2879 1415 2928 Superest
1530 2881 1564 2922 6)
1589 2880 1780 2914 Recensum
1805 2881 1967 2913 exhibent
1990 2880 2103 2912 Nicol.
2128 2876 2277 2910 Baebius
2303 2878 2340 2908 in
2363 2876 2495 2920 Ephem
2512 2878 2577 2911 litt.

314 2939 438 2976 affut·
461 2944 496 2976 et
519 2943 679 2975 exornat
695 2939 832 2975 aetatis
847 2943 1002 2974 nostrae
1024 2937 1187 2987 ylariani
1202 2938 1264 2973 vir
1276 2935 1414 2974 seculo-
1484 2940 1618 2971 Ienens.
1636 2949 1666 2970 a.
1687 2939 1785 2972 1837.
1820 2938 1943 2981 Suppl.
1960 2939 2016 2971 8⁶.
2034 2948 2066 2980 p.
2087 2936 2155 2968 2⁹4
2172 2946 2221 2978 sq.
2238 2938 2273 2967 et
2287 2932 2451 2968 Weberus
2468 2946 2502 2978 p.
2518 2935 2576 2970 IV.

314 3009 398 3034 rum
421 2998 600 3033 memoria
624 2997 776 3045 dignus.
810 2997 874 3044 qui
909 2995 994 3031 olim
1026 2996 1293 3031 nominabatur
1314 3006 1414 3030 nunc
