2892 3570
1338 421 1386 476 §.
1439 419 1550 466 104.

421 517 638 577 Superest
655 518 813 574 adhuc,
840 524 885 565 et
901 524 1088 565 exornat
1111 520 1267 565 aetatis
1287 522 1465 566 nostrae
1485 519 1692 577 ,olor-iam,
1717 521 1785 565 vir
1802 520 2048 566 seculorum
2066 522 2274 567 memoria
2298 522 2470 578 dianus,

419 601 494 658 qni
517 597 621 643 olim
660 600 965 654 nominabitur,
1002 613 1118 645 nunc
1151 599 1422 655 intelliqitur.
1496 601 1641 646 Habet
1685 606 1903 645 amatores
1916 636 1930 655 ,
1975 596 2056 646 nec
2102 602 2343 647 imitatores
2355 616 2371 657 ,·
2423 608 2474 646 ut

419 668 614 732 liberta-s,
661 693 909 737 quanquam
943 680 1214 724 circumcisis
1249 694 1363 737 quae
1398 672 1601 734 dixisset,
1645 681 1687 725 ei
1721 682 1930 725 nocuerit.
1971 679 2069 725 Sed
2101 682 2265 726 elatum
2300 683 2470 726 abunde

416 758 645 816 spiritum,
682 765 724 803 et
757 759 951 804 audaces
985 760 1220 804 sententiaa
1255 753 1554 818 deprehendas
1587 762 1719 805 etiam
1753 761 1800 804 in
1834 761 1906 814 iis,
1952 776 2063 819 quae
2098 769 2282 806 manent.
2355 759 2472 807 Sunt

417 838 576 882 etalii
608 841 846 896 scriptores
882 841 980 884 boni
1015 846 1099 885 etc.

315 928 530 987 Breviori
568 956 688 987 nunc
725 942 905 1002 quidem
941 944 986 987 in
1012 945 1287 1002 gravissimo
1313 943 1402 988 hoc
1427 943 1556 1001 loco,
1606 945 1680 1004 qui
1705 957 1981 990 summorum
2017 945 2222 988 virorum
2260 946 2444 1004 ingenia
2479 946 2571 989 mi-

316 1036 414 1068 rum
439 1022 484 1067 in
522 1020 704 1088 modum
730 1023 938 1068 exercuit
971 1022 1049 1069 vel
1074 1024 1221 1084 potius
1256 1022 1445 1087 delusit„
1482 1022 1589 1070 mihi
1614 1037 1718 1071 esse
1755 1022 1888 1070 licet.
1928 1038 1989 1069 ex
2015 1037 2103 1085 quo
2129 1023 2408 1070 intellectum
2433 1031 2501 1071 est
2525 1026 2569 1071 in

315 1104 480 1149 vitiosa
517 1092 736 1149 librorum
774 1105 998 1166 scriptura
1036 1104 1268 1152 delituisse
1305 1103 1520 1151 Cremutii
1558 1103 1696 1151 Cordi
1732 1118 1924 1150 nomen:
1964 1105 2083 1167 quod
2110 1119 2244 1167 quum
2271 1105 2569 1152 coniectando

316 1183 423 1228 olim
448 1189 683 1229 assecutus
709 1190 887 1243 essem,
922 1183 1215 1249 pluribusque
1241 1187 1548 1231 coniecturam
1574 1198 1727 1230 secum
1765 1187 2138 1245 communicatam
2176 1185 2379 1232 stabilire
2404 1187 2570 1232 totius—

316 1277 402 1324 que
428 1264 517 1310 loci
543 1265 766 1310 rationem
791 1263 1019 1311 illustrare
1045 1265 1178 1312 docte
1203 1265 1436 1312 Weberus
1461 1279 1588 1312 meus
1621 1263 1661 1324 ¹)
1689 1265 1872 1311 adnisus
1898 1272 2046 1321 esset„
2086 1280 2191 1313 sero
2218 1265 2413 1313 vidimus
2438 1272 2569 1313 uter-

316 1358 402 1406 que
429 1344 707 1391 inventionis
733 1343 929 1407 palmam
955 1357 981 1391 a
1008 1343 1057 1392 C.
1085 1344 1355 1408 Nipperdey
1380 1350 1697 1408 praecerptam
1724 1360 1827 1393 esse
1851 1343 1922 1404 ²):
1962 1344 2080 1407 quod
2107 1360 2240 1407 quum
2267 1344 2326 1393 ita
2353 1345 2568 1393 acciderit

315 1429 372 1473 ut.
397 1426 608 1484 utrinque
642 1438 697 1471 ea
736 1423 792 1470 de
830 1438 880 1470 re
906 1438 1111 1472 seorsum
1138 1425 1408 1487 disputatum
1434 1428 1503 1484 sit,
1541 1425 1586 1471 id
1612 1425 1699 1471 hoc
1725 1431 1849 1471 certe
1876 1425 2028 1471 habuit
2054 1425 2270 1476 utilitatis,
2310 1432 2356 1472 ut
2381 1426 2567 1474 alterius

316 1504 532 1565 opinione
569 1518 662 1550 non
699 1509 945 1565 occupatus
990 1520 1106 1553 unus
1157 1507 1428 1553 sententiam
1472 1506 1661 1567 quisque
1700 1520 1826 1552 suam
1875 1506 2133 1567 aperuerit:
2184 1506 2228 1551 in
2268 1520 2353 1566 qua
2391 1507 2568 1553 tametsi

314 1589 505 1644 uterque
539 1585 585 1630 in
618 1583 861 1646 principali
898 1599 949 1630 re
987 1587 1317 1645 convenerint,
1356 1588 1401 1632 in
1427 1585 1618 1646 singulis
1654 1591 1805 1632 tamen
1843 1584 2119 1631 illustrandis
2144 1585 2453 1644 discesserintq
2479 1585 2567 1632 hoc

314 1663 421 1709 mihi
449 1689 509 1695 -
537 1665 641 1709 nani
671 1664 903 1726 ‘piaculum
937 1665 1085 1711 visum
1119 1664 1238 1712 hunc
1275 1666 1449 1725 locum„
1486 1665 1543 1712 ad
1569 1679 1703 1727 quem
1740 1664 1900 1711 ordine
1935 1664 2110 1710 delatus
2146 1679 2268 1723 sum„
2306 1665 2567 1726 relinquere

313 1744 527 1789 intactum
551 1771 620 1777 ———
644 1758 889 1806 superesse
926 1744 1063 1790 video
1079 1781 1091 1790 .
1130 1752 1177 1791 ut
1201 1760 1334 1807 quam
1360 1752 1550 1809 potuero
1576 1744 1849 1792 brevissime
1875 1745 2079 1790 relictam
2119 1751 2317 1807 spartam
2342 1760 2567 1791 resumam

312 1825 358 1869 in
384 1838 573 1883 manus„
613 1838 748 1885 quum
772 1827 1069 1887 praesertim5
1096 1827 1215 1888 quod
1240 1828 1324 1875 vix
1348 1827 1445 1874 fieri
1479 1828 1682 1889 potuisse
1720 1825 1999 1885 crediderisq
2039 1825 2306 1873 Bonnellius
2343 1828 2567 1873 etiamtum

311 1919 350 1950 a.
387 1903 682 1951 MDCCCLV
721 1903 937 1952 Cremutii
986 1908 1156 1953 nomini
1205 1913 1442 1971 tantopere
1486 1906 1732 1965 inviderit,
1787 1912 1834 1952 ut
1872 1906 2248 1970 Spaldingianam
2285 1909 2567 1971 scripturamq

309 1998 444 2044 quam
468 1986 514 2030 in
540 1984 751 2030 lemmate
777 1985 979 2045 exhibui„
1006 1990 1163 2048 paucis
1188 1988 1492 2035 tantummodo
1518 1994 1731 2034 mutatam
1760 1985 1824 2045 3),
1863 2002 2025 2033 secure
2052 1989 2285 2048 repetierit
2310 1988 2568 2034 illustrare—

310 2077 397 2124 que
432 2063 667 2121 studuerit„
703 2079 830 2111 suam
855 2067 1031 2112 inventi
1072 2067 1218 2126 illius,
1257 2069 1392 2114 etiam
1430 2067 1621 2113 aliorum
1657 2067 1877 2113 industria
1915 2066 2138 2126 divulgati
2164 2065 2237 2126 ⁴)„
2287 2069 2566 2114 inscientiam

308 2143 378 2190 his
411 2142 678 2206 professus„
722 2143 797 2189 uhi
834 2143 889 2190 de
927 2147 1179 2208 scriptore„
1219 2149 1346 2194 cuius
1380 2146 1536 2194 laudes
1575 2145 1744 2193 Fabius
1780 2146 2042 2208 praedicetq
2081 2145 2225 2192 verba
2263 2146 2390 2192 facit:
2453 2147 2560 2206 „Ob

309 2223 489 2282 dieser„
530 2225 620 2287 wie
654 2223 855 2280 vielfach
893 2226 1151 2274 vermuthet
1187 2227 1410 2285 worden„
1452 2227 1631 2273 Tacitus
1667 2226 1780 2273 oder
1817 2228 1890 2272 ein
1928 2227 2144 2272 Anderer
2180 2227 2275 2283 sei„
2313 2227 2429 2272 wird
2469 2227 2565 2273 sich

308 2303 584 2350 schwerlich
610 2303 837 2349 ermitteln
863 2304 1030 2351 lassen.
2533 2291 2536 2293 ‚

413 2382 483 2430 De
510 2382 726 2430 Cremutii
763 2385 945 2430 nomine
982 2399 1103 2433 nune
1137 2389 1371 2443 restituto„
1410 2386 1527 2447 quod
1565 2401 1627 2433 ex
1652 2386 1869 2433 librorum
1895 2384 2002 2432 Mss.
2042 2387 2262 2447 scriptura
2299 2391 2424 2431 recte
2450 2400 2566 2447 per-

309 2469 467 2525 specta
492 2464 611 2510 ultro
637 2464 786 2526 prodit
816 2462 859 2522 ⁵)
875 2499 889 2521 .,
929 2471 973 2511 ut
998 2466 1109 2512 nihil
1136 2467 1280 2513 dicam
1296 2502 1311 2524 .,
1349 2468 1394 2512 in
1420 2466 1629 2513 diversas
1653 2473 1807 2529 partes
1833 2465 2136 2527 Nipperdeius
2179 2472 2223 2511 et
2248 2465 2482 2512 Weberus
2509 2481 2565 2512 eo

356 2598 389 2641 1)
412 2598 568 2631 Prooem.
593 2597 666 2630 ind.
690 2598 767 2630 lect.
791 2596 958 2642 Mal-burg.
981 2609 1012 2631 a.
1039 2600 1275 2634 1853—1854.
1468 2611 1559 2641 nm,
1596 2601 1732 2645 qualem
1767 2603 1917 2643 praestat
1948 2599 2147 2632 Turicensis
2184 2600 2310 2639 code-x,
2351 2600 2464 2633 adhuc
2494 2612 2566 2634 non

354 2666 389 2709 2)
415 2667 628 2700 Schneidew.
652 2667 780 2700 Philol.
804 2667 862 2699 VI.
887 2679 922 2711 p.
950 2669 1014 2700 193
1041 2679 1112 2713 seq.
1468 2659 1575 2700 P¹⁸¹²0
1598 2658 1786 2701 cognitam*
1812 2668 1887 2690 ⁰¹¹m
1898 2657 1968 2689 W·
1992 2657 2068 2689 DD·
2093 2657 2362 2697 ‘’ommuniwev
2394 2669 2464 2690 ”¹¹⁸
2488 2670 2567 2691 011111

1469 2715 1593 2748 notitia
1616 2714 1706 2747 alius
1730 2714 1841 2746 adhuc
1866 2715 1902 2746 in
1927 2724 2067 2746 examen
2091 2723 2160 2746 non
2194 2715 2319 2746 vocati.
2367 2716 2482 2758 Atque
2506 2716 2568 2748 ille

354 2733 389 2778 3)
415 2735 541 2769 Omisit
571 2735 604 2770 ei
628 2736 833 2779 scripsitque
856 2735 1082 2771 imitatorem
1100 2740 1137 2772 et
1162 2736 1223 2771 cui
1238 2735 1400 2772 libertas.
2126 2770 2269 2812 Ulpio?
2288 2772 2323 2803 ⁸1
2358 2783 2393 2804 m

2169 2813 2201 2840 7.

290 2817 299 2823 -
353 2802 388 2846 4)
412 2804 528 2837 mma
562 2804 793 2840 Jahrb..v01.
824 2803 979 2837 vam.
1013 2816 1047 2847 p.
1082 2805 1160 2838 347.
1216 2796 1400 2840 Schneiaess

306 2859 392 2894 vini
413 2861 543 2895 Phflol‘
565 2861 623 2895 VI·
647 2873 682 2906 P·
708 2861 787 2894 753‘
1469 2862 1491 2884 a
1513 2852 1667 2896 pluribus
1692 2851 1849 2884 manibus
1870 2854 2026 2884 exaratus
2048 2852 2115 2884 ita:
2140 2850 2265 2928 ussei,
2284 2850 2380 2896 [uota
2399 2876 2408 2892 ‚
2427 2852 2568 2885 debetur

354 2927 391 2972 ὁ)
411 2929 467 2962 Ab
502 2931 638 2964 rationo
671 2931 791 2964 harum
835 2928 1106 2962 Adnotationum
1139 2941 1210 2964 non
1248 2931 1399 2965 alienum
1467 2933 1513 2966 al.
1530 2930 1588 2976 m.]
1604 2930 1657 2966 ad
1669 2929 1739 2967 hoc
1753 2934 1916 2966 exornat
1931 2931 2066 2966 aetatis
2090 2934 2244 2966 nostrae
2258 2929 2419 2978 qlon'am
2442 2931 2501 2966 vir
2512 2944 2565 2967 se-

307 2983 451 3026 videtur,
477 2986 643 3032 integrm
666 2987 771 3022 totius
796 2988 865 3021 loci
888 2987 974 3021 miro
998 2988 1100 3022 modo
1124 2988 1239 3022 affecti
1254 2989 1398 3033 scriptu·
1465 2987 1608 3026 olorum
1627 2987 1797 3025 memorie
1815 2986 1948 3035 diqnus
1976 2987 2040 3036 qui
2068 2985 2155 3024 olim
2178 2987 2441 3025 nominabitur.
2466 2999 2567 3025 nunc
