2892 3570
1299 143 1606 188 -5..-

331 283 554 343 scriptura
588 280 825 326 meliorum
859 280 1065 326 codicum
1101 287 1144 325 et
1178 284 1282 325 ante
1307 294 1352 324 v.
1377 287 1571 324 exornat
1602 272 1897 326 emittentium
1934 279 2150 337 confisum
2188 280 2498 325 rotundorum
2536 286 2583 323 et

330 362 673 408 concinniorem
697 360 955 422 procedere
978 361 1231 406 orationem
1255 359 1488 417 iudicavit„
1524 361 1563 406 si
1599 363 1829 407 exstincto
1860 368 1903 405 et
1926 361 2162 420 legeretur
2196 367 2417 416 &epm
2440 359 2587 404 adhuc

330 447 521 488 emmae
543 447 627 487 etc.
655 450 771 501 quae
796 442 911 486 ratio
938 439 1126 497 eodem„
1164 452 1299 500 quem
1335 439 1470 486 modo
1505 440 1662 500 tetigi„
1699 454 1862 487 errore
1899 439 2089 487 laborat.
2162 438 2303 485 lmmo
2328 441 2367 486 si
2399 446 2443 484 et
2466 439 2585 485 reti-

332 520 559 580 nendum„
609 520 720 567 nihil
754 521 939 579 veriuS„
990 519 1099 566 nihil
1126 520 1271 582 aptius
1297 532 1429 580 quam
1467 518 1584 580 quod
1610 533 1730 566 nunc
1765 520 1983 580 vulgatur
2018 522 2063 566 in
2101 521 2201 581 ipso
2236 518 2324 566 line
2359 533 2585 567 censurae

331 601 679 648 historicorum:
731 607 908 647 restare
943 606 989 646 ut
1025 606 1285 662 postremo„
1322 613 1382 645 ue
1419 599 1521 660 quid
1560 603 1778 648 memoria
1815 600 2000 660 dignum
2043 601 2251 647 omisisse
2294 605 2583 660 argueretur„

332 682 390 728 de
426 681 657 728 Cremutio
693 679 839 727 verba
879 680 1046 726 faciat:
1085 681 1210 726 cuius
1248 680 1508 725 memoriam
1547 678 1603 725 ad
1641 686 1896 727 extremum
1934 679 2052 726 hunc
2090 679 2401 742 disputationis
2433 680 2583 726 locum

331 761 500 816 Fabius
524 768 711 826 propter
738 761 1017 823 singularem
1045 760 1366 820 conditionem„
1393 773 1480 822 qua
1505 759 1721 809 Cremutii
1748 760 1850 809 libri
1878 761 1933 809 ad
1961 760 2223 819 Quintiliani
2250 765 2443 808 aetatem
2468 775 2585 824 per-

331 849 575 902 venerant„
600 843 840 904 relegasse
866 842 1012 888 videri
1039 847 1199 904 potest.
1235 841 1327 888 Sed
1347 854 1507 887 verum
1532 841 1652 903 quod
1671 841 1906 889 Weberus
1931 848 1973 886 et
1992 843 2036 887 in
2050 842 2353 904 suspicionem
2378 842 2583 899 vocavit„

331 925 536 986 protinus
573 921 829 968 iubentibus
854 923 962 984 ipsis
1000 921 1229 969 codicibus
1266 921 1621 984 expellendum:
1659 935 1747 983 quo
1784 922 1979 985 expulso
2015 921 2057 969 id
2084 924 2227 984 ipsum
2252 927 2474 979 superest,
2513 923 2584 967 cui

331 1006 441 1050 voci
463 1017 564 1049 cum
590 1017 684 1064 seq.
711 1003 963 1049 nectendae
990 1003 1286 1061 inserviebat„
1324 1008 1579 1064 suspectum
1607 1001 1652 1048 lit
1675 1009 1958 1064 revocatque
1982 1004 2026 1048 in
2054 1003 2317 1048 memoriam
2343 1001 2583 1048 lectionem

332 1086 486 1145 optimi
528 1084 677 1128 Turio.
717 1090 904 1143 prorsus
944 1082 1088 1127 adhuc
1133 1083 1420 1141 neglectam„
1470 1096 1585 1141 quae
1620 1096 1790 1127 vereor
1826 1097 1884 1127 ne
1922 1097 2001 1129 sua
2040 1089 2172 1128 veste
2207 1082 2409 1127 detracta
2443 1083 2583 1142 ipsam

332 1161 461 1209 Fabii
487 1176 664 1208 manum
692 1167 904 1224 praestet.
959 1161 1137 1208 Etenim
1164 1176 1297 1223 quum
1322 1175 1408 1224 pro
1432 1167 1647 1219 erepet-stes
1673 1163 1710 1208 is
1734 1176 1866 1220 super
1892 1164 2000 1217 eius,
2043 1178 2068 1208 a
2107 1178 2197 1209 sec.
2237 1177 2323 1221 ιιι,
2361 1168 2408 1207 ut
2444 1160 2587 1207 refert

333 1243 627 1306 Spaldingius
655 1231 704 1302 Ῡ7)
741 1256 939 1288 sermone
974 1244 1179 1299 &aperior
1201 1244 1297 1288 eius
1339 1241 1575 1300 exhiheatq
1627 1244 1818 1303 primum
1841 1257 2039 1288 8errn0ne
2080 1250 2204 1304 patet
2263 1242 2381 1289 male
2426 1242 2482 1288 ab
2529 1257 2585 1288 eo

333 1323 556 1370 adiectum
581 1335 711 1379 esse„r
751 1323 823 1383 qui
850 1336 938 1383 quo
963 1337 1102 1369 sensu
1127 1323 1328 1380 superior
1352 1320 1661 1383 accipiendum
1687 1328 1836 1380 essetq
1876 1323 2141 1381 ignoraret:
2190 1329 2281 1369 turn
2307 1337 2440 1383 quum
2467 1322 2584 1369 idem

333 1403 545 1449 librarius
600 1409 725 1448 recte
777 1402 956 1462 quidem
1012 1401 1202 1448 vidisset
1247 1403 1450 1459 superior
1501 1400 1788 1448 scribendum
1823 1416 1955 1459 esser!
2011 1408 2160 1448 tamen
2210 1417 2301 1449 non
2350 1404 2585 1465 perspexit

335 1484 454 1545 quod
488 1485 594 1529 voci
618 1497 752 1540 super
777 1482 998 1528 adiectum
1035 1481 1294 1543 reperiebat
1319 1483 1437 1537 eius,
1474 1481 1514 1526 id
1541 1483 1768 1541 originem
1793 1495 1855 1528 ex
1879 1488 2085 1528 extrema
2112 1497 2156 1529 v.
2181 1485 2382 1540 superior
2405 1482 2584 1545 syllaba

333 1563 657 1624 compendiose
694 1568 885 1609 exarata
923 1565 1152 1609 traxisse:
1201 1562 1321 1608 unde
1359 1562 1466 1607 illud
1501 1562 1711 1608 lectionis
1746 1567 1994 1608 monstrum
2030 1577 2226 1608 sermone
2259 1564 2459 1621 superior
2493 1564 2588 1608 eius

336 1650 486 1691 natum
536 1649 617 1690 est.
702 1642 797 1688 Iam
845 1644 1047 1700 superior
1070 1641 1201 1689 -bene
1258 1656 1413 1688 secum
1465 1641 1583 1688 ducit
1635 1642 1805 1697 adhuc,
1860 1656 1943 1701 pro
1988 1641 2115 1689 Fabii
2158 1644 2313 1690 seculo
2357 1645 2587 1703 ipsiusque

336 1723 465 1770 Fabii
490 1738 573 1770 usu
611 1724 700 1769 iam
739 1737 763 1768 a
791 1721 1060 1783 Spaldingio
1087 1722 1300 1770 adnotato
1332 1719 1394 1781 Β)
1433 1723 1743 1782 comparativo
1781 1727 1907 1768 recte
1941 1724 2220 1783 appositum.
2259 1730 2304 1769 et
2328 1722 2447 1783 quod
2473 1721 2589 1769 sub·-

336 1806 455 1850 iecto
479 1805 546 1848 vir
569 1804 863 1863 praeponitur
881 1803 1081 1859 superior
1104 1803 1262 1856 adhuc,
1289 1796 1496 1862 respectu
1521 1801 1674 1848 habito
1710 1801 1766 1848 ad
1786 1801 1932 1848 verba
1950 1803 2133 1860 paulum
2157 1810 2298 1848 «aetate
2318 1803 2589 1860 praecedens

334 1897 459 1938 etun,
508 1888 639 1943 parat
672 1883 907 1929 transitum
945 1880 1002 1927 ab
1038 1880 1220 1928 Aufidio
1258 1881 1402 1928 Basso
1447 1881 1500 1928 ad
1539 1880 1816 1929 Cremutium
1866 1880 2078 1929 Cordum.
2151 1882 2327 1942 Nempe
2373 1884 2589 1940 superior,

338 1962 458 2025 quod
483 1963 552 2009 rei
576 1975 763 2023 prorsus
789 1962 1034 2021 convenitq
1081 1961 1137 2009 de
1163 1967 1397 2023 temporef
1437 1976 1524 2023 quo
1548 1967 1741 2024 uterque
1765 1963 2009 2009 vixerunt.
2062 1962 2252 2012 dictum.
2293 1961 2590 2024 quemadmo-

338 2044 442 2089 dum
486 2043 607 2088 nude
642 2044 867 2102 reperitur
904 2042 1065 2088 eadem
1100 2044 1147 2088 vi
1173 2043 1365 2102 positum
1391 2041 1439 2098 1,
1484 2042 1542 2099 7,
1589 2042 1646 2099 2;
1693 2044 1798 2089 item
1819 2044 1971 2100 prior,
2015 2043 2094 2089 sed
2139 2042 2340 2089 ablativo
2381 2042 2590 2089 adiuncto

339 2123 422 2181 111,
461 2123 506 2179 1„
547 2122 606 2168 21
633 2138 643 2167 ε
692 2124 941 2166 acmo-atius
965 2136 1064 2165 vero
1084 2124 1257 2178 priores
1280 2121 1485 2166 Gallione
1507 2122 1663 2166 Celsus
1686 2129 1731 2166 et
1753 2123 1945 2166 Laenas.
2019 2122 2210 2183 Insuper
2243 2122 2357 2167 haec
2381 2124 2475 2182 ipsa
2502 2122 2590 2167 loci

338 2205 564 2263 scriptura
597 2217 717 2248 nunc
754 2204 984 2262 proposita
1022 2202 1296 2262 aliquantum
1334 2215 1392 2247 eo
1430 2201 1589 2248 ordine
1628 2205 1826 2261 iuvatur„
1865 2217 1953 2262 quo
1992 2204 2171 2249 Seneca
2199 2204 2327 2249 Suas.
2354 2201 2589 2261 vl1(V1)

339 2296 380 2343 p.
394 2281 458 2329 22
485 2281 554 2328 ed.
576 2297 615 2328 a.
634 2280 765 2328 1619
791 2281 1038 2328 eorundem
1066 2282 1351 2341 scriptorum„
1378 2279 1511 2331 Livii.
1532 2281 1846 2330 AufidiiBassi
1870 2289 1915 2328 et
1929 2282 2141 2328 Cremutii
2158 2282 2312 2329 Cordi.
2334 2285 2589 2328 testimonia

341 2362 559 2423 producit.
633 2360 846 2408 Ceterum
871 2376 962 2409 non
989 2361 1283 2418 intercedam
1323 2362 1361 2408 si
1386 2363 1457 2407 cui
1482 2364 1677 2411 nominis
1703 2363 1902 2410 ablativo
1939 2377 2052 2423 opus
2077 2362 2313 2422 videaturq
2353 2365 2591 2424 quominus

340 2459 403 2490 ex
427 2444 577 2491 Turic.
604 2444 826 2503 scriptura
853 2450 1036 2490 eruatur
1059 2444 1259 2501 &aperior
1282 2457 1346 2487 eo.
1405 2442 1558 2489 Utram
1595 2444 1866 2491 emendandi
1902 2446 2121 2489 rationem
2158 2443 2459 2503 probaveris.
2503 2444 2592 2490 hoc

340 2524 472 2573 simul
498 2529 713 2584 apparet.³
763 2523 908 2571 verba
944 2538 1053 2572 mox
1079 2524 1311 2584 sequentia
1345 2524 1421 2581 qm·
1445 2522 1555 2568 olim'
1581 2526 1883 2579 nominabitur,
1924 2538 2037 2569 ratane
2059 2524 2314 2580 hilelliqitur
2339 2540 2429 2571 non
2456 2540 2592 2586 posse

341 2605 401 2651 de
426 2605 607 2650 homine
633 2604 738 2662 dici„
766 2606 839 2665 qui
866 2604 983 2665 apud
1008 2610 1216 2665 posteros
1243 2602 1432 2664 perfecti
1457 2605 1689 2666 scriptoris
1724 2605 1965 2665 aliquando
1989 2604 2238 2650 claritatem
2265 2612 2595 2653 consecuturus

343 2687 429 2742 sit„
467 2684 548 2730 sed
575 2684 632 2730 de
657 2685 791 2731 laude
816 2687 1012 2732 nominis
1037 2686 1149 2731 clari
1175 2687 1262 2730 iam
1287 2686 1561 2742 promerita:
1601 2685 1719 2744 quod
1746 2699 1878 2745 quum
1906 2684 2138 2730 Weberus
2165 2699 2225 2729 ex
2250 2686 2347 2744 ipsa
2374 2688 2594 2731 memoria

346 2763 560 2810 Cremutii
604 2766 691 2810 iam
718 2763 861 2810 Fabio
904 2764 1178 2810 vindicanda
1222 2769 1344 2809 reete
1388 2765 1725 2823 perspexisset„
1784 2765 2088 2808 nominabatur
2132 2764 2327 2810 ostendit
2369 2779 2451 2811 suo
2497 2768 2595 2813 iure

344 2843 588 2903 legendum
615 2858 719 2891 esse
745 2858 826 2904 pro
850 2845 1165 2899 utonzirmbitm,
1203 2843 1245 2889 id
1272 2837 1413 2904 ipsum
1449 2844 1566 2902 quod
1591 2858 1757 2891 revera
1784 2858 1929 2891 nunc.
1968 2849 2015 2889 ut
2050 2844 2273 2891 vidimus.
2312 2844 2462 2891 Turic.
2490 2845 2595 2895 fert.

390 2964 424 3009 7)
453 2963 632 3002 Sermone
654 2978 724 2999 non
749 2967 882 3000 notavit
904 2965 1082 3012 Weberus.
1503 2967 1724 3010 scriptoribus
1760 2967 1804 2999 cf.
1829 2966 1980 3000 Senecae
2013 2967 2122 3009 Epist.
2146 2967 2203 2999 4⁹.
2260 2967 2401 3001 Sueton.
2427 2968 2505 3001 Tib.
2528 2969 2598 3001 442

390 3021 424 3064 8)
448 3022 489 3054 Τ.
514 3022 540 3054 1.
564 3033 598 3066 p.
626 3024 702 3057 103.
751 3021 802 3056 cf.
827 3023 986 3056 Bonnell.
1011 3022 1093 3056 Lex.
1118 3035 1152 3067 p.
1178 3023 1233 3056 22.
1281 3023 1332 3056 Ex
1356 3023 1434 3056 aliis
1504 3020 1651 3059 Maiore
1673 3021 1805 3059 adhuc·
