2892 3570
1272 138 1599 187 „15-

296 275 526 352 διιιιιιιιιιι
539 290 694 347 „25⁵0
700 290 766 331 ,εκ
792 274 1004 349 Μεχειο
1050 276 1250 348 ιιιιςιεοι,
1292 277 1384 346 iam
1396 284 1742 348 'pgffipexerass
1779 277 2048 345 Bonuellius
2093 284 2243 329 tamen
2285 280 2331 327 in
2375 277 2563 345 vulgata

309 356 507 418 lectione
525 341 698 429 ruguit
718 370 1072 429 ιιθιεθγριζιιιε,
1091 355 1258 428 nihili
1264 355 1425 427 habita
1461 356 1547 433 fide
1583 357 1803 415 librorum
1829 359 1979 406 Turic.
2005 343 2398 419 Lassb.A1nb.1„
2436 358 2562 411 nihili

289 404 626 513 ‘'admomtione
639 435 934 510 (ἳθιιιῑιιιιᾱιιι
944 438 1027 507 ,qui
1045 450 1147 508 eam
1166 436 1409 506 lectionem
1429 436 1521 493 sibi
1531 423 1872 505 commendari
1860 453 1948 486 iam
1975 445 2080 486 ante
2100 439 2341 503 Meyerum
2367 439 2561 486 dixerat.

1292 573 1307 576 f.
1348 579 1419 647 2..
1457 588 1502 635 4·

410 679 644 736 Gon-tempi
668 692 809 723 mores
832 679 878 723 in
901 662 1258 737 scholis-putam:
1280 693 1384 725 nam
1408 686 1451 724 et
1471 688 1809 740 corrumpuntur
1826 682 2013 738 interim,
2039 682 2121 727 sed
2142 682 2262 729 domi
2276 696 2455 742 thqtce.

411 760 578 804 Asstmt
601 759 739 803 multa
762 761 855 804 eius
878 761 945 803 rei
976 760 1198 817 exempla,
1235 767 1326 806 tam
1351 760 1495 807 laesae
1518 762 1677 819 hercle,
1713 775 1845 821 quam
1881 766 2161 809 conservatae
2183 764 2458 809 sanctissime

407 840 634 914 ulvobique
659 840 887 917 opinionis.

307 930 357 976 In
380 929 674 1002 fluctuatione
700 931 935 1003 codicum„
975 931 1052 978 vel
1089 939 1131 977 et
1155 939 1258 977 sunt
1280 932 1358 1003 vel
1389 932 1497 979 illud
1514 933 1640 997 ,quod
1665 948 1802 996 supra
1828 948 1890 980 ex
1915 933 2114 990 editione
2142 933 2395 996 Spaldingii
2420 941 2555 980 tran-

305 1011 495 1078 scripsi„
534 991 844 1075 exhibentium
879 1010 989 1057 nihil
1026 988 1304 1076 probabilius
1342 1028 1472 1077 quam
1510 1013 1596 1059 hoc
1632 1016 1799 1076 ipsum5
1839 1017 2025 1076 insuper
2059 1014 2326 1076 productum
2364 1030 2426 1060 ex
2450 1015 2558 1062 Mss.

306 1085 418 1137 Pall.
447 1106 471 1137 a
494 1078 642 1137 Pareo
662 1090 773 1137 Lex.
797 1093 892 1138 crit.
916 1107 960 1139 v.
982 1093 1134 1152 adesse
1153 1093 1286 1158 domi,
1313 1093 1503 1149 eandem
1522 1093 1707 1156 phrasin
1727 1110 1789 1140 ex
1810 1094 1954 1140 Plauti
1976 1094 2106 1156 Epid
2128 1094 2165 1152 Ι,
2196 1094 2241 1151 1,
2270 1094 2301 1140 7
2327 1094 2558 1140 afferente

1341 1233 1368 1276 5
1385 1266 1399 1287 ,
1437 1230 1514 1277 24.

410 1315 490 1353 aut
507 1310 636 1368 flexa
656 1312 739 1366 pro
759 1312 885 1364 ,oravi
920 1318 968 1354 ιιι
992 1312 1119 1367 apice
1142 1311 1444 1355 circumducta
1465 1317 1695 1368 sequente,
1734 1326 1865 1368 qnam
1898 1325 1964 1357 ea:
1998 1311 2167 1355 duabus
2201 1311 2385 1366 syllabis
2415 1312 2460 1354 ἰιι

410 1403 544 1433 vairam
568 1396 793 1443 cogentes,
823 1397 866 1434 et
891 1388 1045 1434 deiude
1065 1391 1303 1450 fledenae-s,
1330 1391 1564 1447 dupliciter
1583 1397 1782 1447 peccant.
1823 1389 1921 1436 Sed
1942 1391 1993 1436 id
2012 1392 2191 1447 saepius
2213 1392 2259 1434 in
2277 1390 2464 1434 Graecis

411 1470 655 1514 nominibus
679 1470 867 1516 accidit:
891 1476 940 1515 ut
963 1470 1206 1526 „Atreus“,
1231 1485 1356 1528 quem
1378 1471 1501 1515 uobis
1518 1470 1740 1515 iuvenibus
1759 1470 1999 1516 doctissimi
2022 1486 2147 1516 senes
2165 1477 2294 1516 acuta
2316 1471 2461 1527 prima

411 1550 556 1599 dicere
579 1549 789 1609 solebant,
826 1558 872 1598 ut
894 1552 1142 1596 necessatis
1165 1552 1359 1597 secunda
1377 1552 1526 1606 pravis
1552 1557 1693 1606 esset‚·
1719 1551 1822 1595 item
1847 1551 2013 1606 „Terei
2038 1552 2319 1610 Nereiqaef‘

308 1640 359 1687 In
387 1640 455 1688 his
480 1642 640 1687 Atreus
664 1650 711 1689 ut
736 1658 893 1690 sanum
932 1642 1197 1702 crederem„
1235 1642 1343 1689 mihi
1380 1658 1619 1705 numquam
1651 1645 1857 1705 persuasi
1874 1679 1888 1695 ,
1927 1642 2291 1705 quandoquidem
2318 1643 2372 1690 de
2399 1644 2562 1706 duplici

307 1723 380 1768 hic
407 1738 567 1769 errore
595 1726 761 1788 agitur.
790 1739 876 1785 quo
903 1730 947 1769 et
972 1723 1093 1769 flexa
1120 1739 1203 1786 pro
1230 1727 1365 1783 gravi
1392 1726 1535 1785 posita
1561 1730 1682 1770 esset
1707 1730 1752 1769 et
1776 1724 1850 1769 ubi
1871 1724 2022 1769 hocin
2048 1727 2168 1770 coitu
2195 1724 2382 1770 duarum
2408 1725 2559 1786 sylla-

307 1801 464 1848 barum
503 1805 547 1848 in
575 1819 711 1849 unam
749 1811 1012 1850 coactarum
1039 1804 1192 1850 fieret:
1231 1807 1305 1866 qui
1332 1819 1461 1851 error
1498 1804 1554 1850 ad
1592 1818 1692 1850 eam
1717 1803 1850 1849 verbi
1877 1804 2182 1850 conditionem
2220 1811 2393 1866 spectat
2416 1807 2565 1861 unice„

308 1897 441 1943 quam
467 1890 784 1944 repraesentat
804 1886 901 1931 eius
921 1883 1101 1938 formae
1133 1884 1411 1946 exemplum„
1437 1891 1538 1945 post
1561 1891 1623 1939 ut,
1650 1890 1696 1929 ut
1715 1890 1840 1929 recte
1867 1886 2148 1945 scripserunt
2173 1898 2255 1944 pro
2280 1891 2369 1938 met,
2395 1898 2566 1929 neces-

304 1964 430 2007 sario
457 1976 540 2024 pro
566 1965 718 2020 apice,
756 1966 883 2010 cuius
909 1966 1078 2010 mentio
1105 1979 1294 2026 prorsus
1316 1960 1467 2009 'aliena
1494 1980 1519 2009 a
1546 1965 1649 2009 loco
1675 1970 1762 2021 est.>
1800 1964 2153 2019 restituendum„
2192 1966 2292 2010 sive
2318 1964 2402 2009 hoc
2429 1963 2564 2008 fuerit

304 2042 449 2099 Appi,
487 2058 549 2089 ex
572 2044 708 2100 Appii
732 2050 1040 2099 contractum.
1080 2034 1355 2101 sive'aliud„
1395 2044 1511 2105 quod
1549 2044 1604 2090 ad
1641 2043 1849 2089 traditam
1886 2043 2091 2089 codicum
2127 2046 2396 2106 scripturam
2423 2046 2559 2088 etiam

306 2124 493 2184 propius
520 2123 720 2170 accedat.
771 2123 922 2185 Atque
950 2123 1067 2170 hanc
1094 2139 1198 2171 esse
1225 2120 1421 2170 auctoris
1448 2130 1647 2171 mentem
1673 2123 1915 2170 ostendunt
1940 2123 2084 2170 verba
2110 2126 2212 2168 item
2236 2124 2380 2169 Nerei
2409 2123 2561 2167 Terei-

303 2218 389 2261 que
414 2201 562 2263 (hunc
586 2202 837 2250 verborum
865 2203 1071 2250 ordinem
1097 2210 1222 2251 recte
1249 2220 1371 2251 nunc
1396 2220 1454 2251 ex
1480 2204 1609 2252 codd.
1637 2204 1943 2263 revocarunt)
1971 2219 2085 2266 quae
2112 2219 2202 2249 non
2229 2205 2483 2266 patiuntur.
2516 2209 2563 2248 ut

308 2284 363 2330 ab
391 2284 476 2331 hac
501 2286 678 2332 ratione
705 2284 824 2347 quod
849 2285 983 2347 prius‘
1001 2287 1209 2347 apposuit
1243 2286 1502 2348 exemplum
1527 2286 1686 2331 Atreus
1711 2291 1968 2347 exemptum
1994 2285 2257 2338 credamus.
2301 2284 2420 2345 quod
2446 2283 2563 2341 fieri„

306 2381 358 2412 re
385 2380 477 2413 non
503 2367 612 2414 satis
637 2367 964 2429 perpensitata,
991 2365 1075 2413 sibi
1100 2373 1393 2429 persuaserat
1419 2365 1619 2414 Ritterus
1645 2365 1788 2413 Elem.
1818 2380 2005 2426 gramm.
2034 2366 2107 2412 lat.
2133 2382 2175 2428 p.
2204 2365 2286 2421 51,
2313 2364 2565 2428 simplicem

307 2451 478 2492 tantum
505 2448 549 2493 in
577 2461 632 2494 ea
658 2461 776 2494 voce
803 2460 1009 2494 errorem
1046 2461 1320 2507 agnoscens.
1382 2433 1544 2508 Neque
1587 2453 1735 2510 potest
1771 2447 2073 2493 nominativus
2096 2445 2255 2491 Atreus
2288 2446 2347 2491 ita
2382 2444 2567 2492 defendi

308 2530 355 2571 ut
381 2540 515 2587 quum
542 2525 817 2589 bisyllabum
844 2528 1028 2589 proprie
1054 2528 1127 2586 sit7
1153 2542 1274 2573 nunc
1300 2525 1585 2589 trisyllabum
1605 2526 1795 2583 dicatur.
1824 2525 1941 2587 quod
1961 2528 2044 2572 etsi
2071 2525 2126 2571 ab
2148 2541 2230 2572 usu
2257 2539 2349 2571 non
2375 2539 2567 2588 prorsus

309 2604 618 2677 abhorruerit
645 2613 796 2653 tamen
823 2609 935 2654 citra
962 2607 1337 2657 consuetudinem
1362 2613 1445 2665 εει,
1472 2609 1619 2669 poetis
1644 2606 1753 2654 solis
1778 2612 2055 2668 usurpatum„
2083 2619 2270 2667 quorum
2298 2607 2567 2651 auctoritate

307 2686 395 2734 sibi
410 2688 591 2756 imponi
628 2703 789 2755 passus
816 2694 884 2735 est
910 2687 1182 2760 Consentius
1215 2688 1271 2735 de
1297 2688 1421 2735 barb.
1449 2688 1492 2734 6.
1519 2704 1561 2752 p.
1590 2688 1648 2746 9
1671 2672 1760 2733 ubi
1795 2687 1850 2734 de
1878 2685 2080 2744 Orpheus
2103 2685 2249 2734 verba
2276 2685 2396 2732 facit.
2458 2685 2569 2733 Alia

302 2782 425 2833 'vero
451 2770 567 2814 ratio
594 2771 815 2828 genitivi„
854 2771 980 2815 cuius
1003 2752 1209 2828 legitima
1235 2769 1381 2838 forma
1406 2771 1451 2813 in
1490 2761 1535 2813 ei
1565 2771 1687 2825 exit„
1725 2767 2102 2828 quemadmodum
2129 2767 2239 2812 illud
2264 2754 2411 2828 ipsum
2441 2766 2571 2811 Terei

310 2850 355 2895 in
383 2848 586 2896 clausula
613 2852 803 2914 trimetri
829 2848 1008 2896 iambici
1034 2851 1079 2895 in
1106 2849 1247 2898 ver'su
1273 2834 1406 2897 citato
1433 2865 1458 2896 a
1483 2849 1631 2896 Mario
1656 2848 1894 2894 Victorino
1920 2864 1961 2910 p.
1991 2847 2143 2906 2574.
2171 2847 2250 2894 vel
2276 2848 2427 2893 Nerei
2452 2848 2571 2910 apud

301 2928 490 2985 ¹‚Livium
509 2929 655 2976 Andr.
683 2939 729 2977 et
747 2931 1015 2989 Pacuvium„
1042 2937 1087 2976 et
1113 2930 1201 2976 alia
1227 2932 1271 2977 id
1297 2946 1441 2992 genus
1468 2930 1575 2976 alibi
1602 2931 1768 2992 passim
1793 2931 2095 2990 reperiuntur.
2136 2928 2310 2986 Quodsi
2336 2931 2571 2989 genitivus

308 3012 449 3056 etiam
476 3012 520 3055 in
547 3026 683 3057 unam
707 3011 937 3074 syllabam
961 3012 1002 3055 ei
1026 2995 1190 3071 exiens
1212 3006 1583 3074 deprehenditur,
1620 3016 1666 3056 ut
1685 3008 1787 3069 filia
1804 3010 1950 3053 Nerei
1975 3009 2092 3071 apud
2117 3009 2263 3070 Verg.
2292 3010 2412 3056 Aen.
2439 3008 2569 3066 V111.
