2892 3570
1289 145 1618 194 -23.-

332 289 595 353 Quintiliani
632 286 781 349 aliqua
823 286 1070 349 scriptione
1104 285 1349 331 Catum-mn
1378 286 1562 332 nomine
1604 267 1828 347 appellata
1844 281 1924 343 ²⁸)
1966 284 2137 332 adscita
2178 290 2299 345 sunt,
2347 283 2436 330 hac
2475 298 2587 331 mox

331 371 537 435 cognovi
559 367 669 415 nihil
693 366 816 413 alind
839 365 1086 428 significari
1121 379 1255 428 quam
1279 379 1402 428 quae.
1429 365 1574 426 vulgo
1597 359 1902 421 inscribantur
1925 364 2309 413 Declamationes.
2370 363 2479 412 Hoc
2496 374 2587 426 age

332 448 639 515 comparando
663 447 740 494 illa
765 449 862 509 ipsa
887 446 1099 509 exempla
1123 444 1486 508 comprobemus.
2270 480 2273 483 .

378 530 390 549 ³
435 531 546 591 Pag.
581 528 673 575 27:
707 532 1061 582 „exauctoratus
1091 539 1248 570 mmm
1287 526 1424 569 amnis
1455 526 1619 580 amesa·
1637 525 1800 570 'abore
1824 525 2016 580 wheyit.
2083 524 2135 572 In
2172 524 2261 572 hoc
2296 531 2446 572 autem
2481 523 2588 571 loco

332 613 654 661 exauctoratus
690 608 871 670 ponitur
904 620 988 669 pro
1022 611 1156 657 extra
1191 606 1502 652 auctoritatem
1537 605 1753 668 positus.“
1817 604 2015 653 Exstant
2036 608 2082 653 in
2108 606 2239 654 editis
2264 605 2394 653 Decl.
2422 605 2505 664 ΙΙΙ,
2534 605 2584 665 3,

334 692 409 740 ubi
441 689 678 748 vulgatum
714 688 853 733 armis
887 677 1056 732 mimus.
1126 685 1251 731 Idem
1268 684 1414 752 'locus
1449 686 1610 731 citatur
1650 684 1797 743 infra,
1836 681 2086 732 Causarum
2121 687 2306 747 nomine
2341 698 2585 748 oppresso,

334 789 375 837 p.
404 769 500 819 193
525 769 607 828 ita:
644 773 963 814 exauctoratus
984 780 1141 812 mustus
1165 765 1304 811 labori
1327 766 1490 821 ‹tm-esti
1511 765 1691 821 subeqit.

438 851 548 909 Pag.
575 848 664 895 90:
700 848 752 893 id
781 862 880 903 vero
916 848 1042 892 cuites
1074 847 1316 891 dementiaeoe
1347 846 1450 890 est?
1482 846 1528 890 in
1557 847 1890 891 conmutatum
1923 848 2116 892 imatores
2149 846 2382 903 etigr-man.
2455 845 2585 894 Decl.

337 931 429 989 111,
458 929 533 977 11.
561 944 602 990 p.
632 928 720 985 68.
757 927 838 974 ubi*
856 928 939 972 hoc
963 941 1046 989 pro
1071 928 1122 972 id
1142 933 1187 972 et
1210 926 1424 982 leqmvtu'r.
1452 962 1454 964 .

439 1010 549 1071 Pag.
579 1008 702 1057 359:
741 1015 894 1054 contra
919 1008 1139 1054 libidiaeoem
1161 1008 1424 1052 maumdsse
1445 1021 1530 1052 non
1549 1008 1742 1066 prodest.
1802 1007 1932 1054 Decl.
1959 1007 2041 1067 111.
2071 1008 2148 1055 10.
2172 1023 2215 1071 p.
2243 1007 2323 1055 68.

440 1091 549 1150 Pag.
578 1089 695 1147 394,
722 1090 821 1136 sine
831 1087 949 1134 libri
975 1087 1120 1145 titulo
1157 1087 1238 1134 sed
1264 1087 1399 1149 paulo
1431 1094 1533 1133 ante
1558 1094 1830 1134 memorato:
1864 1102 2050 1145 prorsus
2073 1090 2265 1134 ominwse
2286 1095 2484 1133 retentus
2506 1095 2585 1133 est.

339 1169 859 1232 Dec1.111„10.p.68„
892 1167 968 1215 ubi
993 1174 1061 1213 est
1082 1169 1842 1216 omissum..

441 1250 532 1298 Sed
556 1249 832 1308 afferuntur„
871 1247 990 1311 quod
1025 1248 1210 1294 maioris
1245 1253 1316 1295 est
1350 1249 1587 1305 momenti
1624 1247 1712 1295 alia
1737 1207 1967 1310 quaedam
2002 1262 2192 1296 numero
2216 1248 2346 1312 plura
2371 1248 2587 1310 exempla

341 1331 602 1389 Quintiliani
627 1331 839 1387 nomine:
867 1328 1115 1376 Causarum
1142 1327 1448 1390 appellatione
1472 1329 1706 1387 instructa„
1743 1328 1821 1375 vel
1846 1329 1982 1375 etiam
2007 1331 2227 1388 carentia„
2252 1343 2442 1390 quorum
2470 1328 2587 1375 haec

340 1425 471 1473 quum
505 1413 551 1456 in
577 1408 933 1457 Institutionibus
969 1407 1135 1456 frustra
1168 1408 1503 1470 quaesiverim„
1541 1409 1625 1454 vix
1661 1414 1848 1469 possunt
1879 1410 2015 1469 petita
2051 1408 2199 1455 videri
2237 1407 2418 1455 aliunde
2451 1423 2586 1470 qnam

341 1506 401 1538 ex
426 1489 586 1537 eodem
613 1488 863 1536 Causarum
888 1486 1035 1546 libro„
1073 1502 1134 1534 ex
1170 1502 1259 1549 quo
1285 1487 1363 1534 illa
1395 1489 1612 1534 arcessita
1638 1494 1764 1547 sunt,
1803 1503 1992 1550 quorum
2016 1489 2172 1535 sedem
2198 1492 2242 1535 in
2267 1489 2585 1536 Declamatio-

340 1569 469 1617 nib‘us
486 1567 841 1631 deprehendere
866 1567 985 1614 haud
1010 1570 1156 1628 magis
1181 1568 1401 1627 contigit:
1429 1569 1554 1613 cuius
1579 1569 1766 1627 generis
1790 1569 1947 1614 notavi
1972 1567 2088 1614 haec
2112 1569 2348 1631 exempla:

445 1648 554 1709 Pag.
584 1648 707 1695 107:
754 1648 908 1692 deinde
930 1648 1198 1693 misen-imos
1218 1642 1345 1691 senes
1367 1646 1559 1691 cluserat
1579 1648 1670 1692 iam
1689 1661 1829 1704 prope
1852 1652 2019 1702 ueqros.

443 1727 552 1790 Pag.
580 1727 705 1775 229:
756 1717 1035 1788 „Sciendum
1056 1733 1204 1774 autem
1230 1726 1349 1789 quod
1374 1726 1621 1775 secundum
1647 1726 1969 1784 Quintilianum
1995 1728 2052 1774 de
2083 1730 2230 1775 causis
2252 1729 2398 1786 fatum
2422 1730 2585 1775 dicitur

342 1822 367 1854 a
393 1806 535 1865 facio:
572 1807 693 1855 unde
719 1812 765 1854 et
790 1808 871 1854 ait:
908 1807 1017 1867 quid
1036 1813 1105 1854 est
1122 1807 1295 1867 fatum,
1330 1808 1416 1853 nisi
1439 1807 1556 1867 quod
1570 1805 1629 1868 fit
1651 1814 1697 1853 et
1716 1823 1802 1854 non
1826 1808 1955 1853 habet
1975 1814 2174 1854 casum.“

444 1887 554 1948 Pag.
583 1888 682 1935 358
707 1888 763 1934 ad
789 1903 835 1934 v.
862 1887 1134 1934 commilito:
1170 1889 1351 1943 immam
1372 1888 1592 1934 conmilito
1616 1889 1872 1947 quicumque
1894 1896 2063 1945 manet,
2097 1889 2258 1935 habene
2279 1889 2497 1936 solatium.

444 1967 554 2030 Pag.
583 1968 706 2016 394:
743 1983 885 2014 senex
908 1983 1127 2014 omma-sus
1149 1975 1289 2019 monte
1306 1967 1397 2029 filia·
1418 1970 1504 2013 mei
1525 1969 1630 2014 viro.

445 2047 555 2109 Pag.
583 2049 707 2096 609:
744 2055 846 2094 tmic
866 2048 1013 2108 facies
1035 2050 1169 2093 sentit
1188 2050 1458 2104 incendium,
1497 2063 1596 2094 cum
1621 2050 1808 2093 ambusti
1831 2049 2032 2107 defecere
2051 2063 2240 2105 ore-saus.

435 2127 639 2175 Alterius
664 2130 850 2190 generis
877 2134 979 2176 sunt
1008 2127 1153 2175 haec:

447 2205 557 2267 Pag.
586 2208 709 2256 178:
751 2207 1007 2269 „Dilectusq
1045 2221 1116 2267 us.
1157 2206 1335 2254 electio.
1393 2206 1718 2264 Quintilianus:
1755 2213 1798 2287 et
1820 2213 1981 2265 qwmtu
2005 2208 2183 2253 dilectui
2207 2215 2279 2253 tuo
2297 2207 2357 2269 fit
2376 2211 2592 2256 mvifflaf‘

345 2284 489 2332 Scrih.
516 2278 710 2333 delectus
735 2295 780 2334 et
804 2288 1003 2333 delectui.

449 2366 559 2427 Pag
589 2368 713 2415 395:
755 2367 905 2428 „unde
932 2367 1260 2425 Quintilianus:
1297 2373 1431 2412 esctra
1453 2367 1659 2413 uividiam
1682 2374 1749 2413 est
1771 2368 1901 2425 optio,
1937 2382 2036 2413 cum
2058 2368 2109 2414 id
2127 2368 2345 2424 eoeiyum,
2361 2368 2517 2427 quod
2499 2384 2588 2413 un-

338 2451 516 2502 petrure
536 2461 624 2492 non
644 2452 874 2505 possum.“

447 2523 574 2573 Haec
599 2542 733 2589 quum
768 2529 828 2574 ita
854 2529 959 2586 sint
996 2534 1118 2591 patet
1143 2486 1420 2613 Quintiliano
1453 2526 1630 2589 quidem
1655 2527 1904 2590 adscriptas
1930 2527 2178 2575 Causarum
2202 2531 2387 2575 nomine
2411 2519 2592 2576 Decla-

345 2606 567 2658 mationes
592 2606 739 2655 adhuc
764 2608 977 2676 vulgatas
1002 2609 1262 2668 exstitisse
1299 2607 1380 2655 sed
1406 2607 1535 2655 simul
1562 2610 1694 2655 etiam
1723 2608 1832 2655 illud
1858 2607 2105 2656 Causarum
2130 2624 2245 2672 opus
2268 2609 2407 2657 multa
2431 2609 2590 2672 plures

345 2699 479 2746 quam
503 2701 622 2734 nunc
648 2688 854 2736 manibus
878 2704 1147 2753 usurpamus
1170 2689 1538 2736 Declamationes
1563 2688 1850 2752 complexum
1875 2704 1991 2738 esse.
2049 2690 2177 2748 Quae
2202 2692 2240 2739 si
2266 2704 2381 2738 vera
2406 2695 2475 2739 est
2500 2689 2593 2755 ob-

292 2800 295 2803 ,
345 2769 577 2826 servatio„
615 2768 781 2817 eorum
800 2773 1106 2818 curiositatem
1131 2785 1186 2816 ea
1219 2763 1355 2816 debet
1373 2771 1573 2827 exitare,
1611 2769 1769 2831 quibus
1794 2770 1999 2816 codicum
2024 2785 2159 2816 manu
2184 2771 2457 2833 scriptorum
2482 2770 2593 2818 the-

344 2859 507 2893 sauros
531 2849 793 2896 excutiendi
818 2852 1130 2912 opportunitas
1156 2852 1362 2914 suppetit.

392 2953 451 3001 28)
475 2957 606 2993 Eodem
629 2962 770 2995 nomine
793 2962 925 3006 passim
948 2962 1074 2996 citasse
1096 2961 1315 2995 vincentium
1331 2961 1628 3002 Beflovaoensem,
1647 2961 1825 2995 adnotavit
1846 2960 2026 2995 Fabricius
2050 2960 2140 2996 Bibl.
2164 2960 2240 2995 Lot.
2265 2960 2308 2996 T.
2331 2961 2375 2997 11.
2399 2973 2436 3007 p.
2452 2962 2533 3005 ⁸28,
2557 2972 2601 2997 ιο

345 3014 496 3055 veriore,
519 3017 558 3050 ni
582 3018 705 3060 fallor,
729 3030 832 3064 quam
855 3010 1164 3054 Declamationum.

1275 3093 1669 3157 -ψ-
