2892 3570
1302 130 1635 178 „18-

1383 291 1429 347 S.
1474 290 1553 336 77.

445 383 547 430 Sed
562 385 610 429 in
632 388 868 442 quatemus
891 385 1060 440 quoque
1083 392 1138 425 ac
1151 378 1308 438 phares
1330 378 1440 425 haec
1462 379 1577 425 ratio
1600 381 1668 426 fre
1689 378 1929 449 sententias
1948 372 2108 440 potest.
2144 376 2228 429 Fit
2248 384 2382 432 etium
2405 386 2502 433 εἷπ-

437 464 558 519 quus
578 465 749 508 verbio:
786 462 1027 517 „Ha-uba,
1063 461 1146 505 hoc
1167 459 1311 515 dolet,
1344 462 1505 529 pudet,
1537 463 1711 518 piyet.“

336 566 490 613 Multis
515 565 572 611 de
596 565 685 611 hoc
708 564 832 622 loco„
870 564 998 609 cuius
1024 564 1292 624 scripturam
1319 552 1588 609 Bonnellius
1613 564 1712 610 sine
1737 563 1829 610 ulla
1855 571 1963 631 nota
1988 567 2186 629 repetiit„
2224 567 2330 614 olim
2356 556 2598 632 disputauit

337 646 496 707 Lange
520 644 700 691 Vindic.
735 651 852 705 trag.
879 659 992 690 rom.
1027 659 1068 706 p.
1095 643 1179 700 48„
1217 640 1495 690 refutaturus
1528 642 1701 690 scilicet
1735 642 1856 691 facto
1883 647 2206 706 continentiam
2232 662 2395 706 meam„
2434 642 2524 711 qul„
2551 650 2593 694 in

337 726 578 773 manifesto
617 727 871 788 scripturae
905 726 1047 779 vitio.
1086 736 1268 768 manum
1305 725 1540 786 scriptoris
1577 723 1786 772 divinare
1825 720 2008 772 difficile
2046 723 2125 773 vel
2163 721 2279 774 adeo
2304 730 2593 775 temerarium

337 808 648 864 censuissem.
686 806 824 851 Anal.
863 807 960 851 crit.
997 819 1036 866 p.
1067 803 1177 849 141.
1241 802 1389 860 Quum
1427 805 1547 850 enim
1585 802 1640 850 ad
1676 805 2000 853 restituendam
2026 805 2228 869 exempli
2254 804 2376 855 allati
2402 807 2593 856 formam

336 886 696 951 ὁμοιοτέλεοτον,
744 892 790 932 ut
825 898 1120 944 monueram
1158 888 1364 946 quartum
1391 883 1572 947 aliquod
1597 881 1872 932 vocabulum
1908 884 2278 946 desideraretur
2315 887 2403 935 hoc
2440 884 2596 960 Lange

337 969 569 1030 reperisse
596 965 680 1013 sibi
700 968 829 1013 visus
854 971 923 1012 est
948 967 992 1010 in
1017 964 1087 1012 his
1110 969 1274 1027 poetae
1301 965 1463 1011 incerti
1488 962 1700 1013 versibus
1729 979 1754 1011 a
1777 956 2003 1013 Cicerone
2030 963 2086 1013 de
2111 953 2203 1013 div.
2225 965 2262 1024 Ι
2292 967 2349 1014 31
2379 967 2595 1014 laudatis:

749 1058 912 1116 Neque
937 1070 1006 1100 me
1028 1054 1187 1114 Apollo
1210 1055 1324 1114 fatis
1345 1055 1498 1114 fandi-s
1524 1055 1763 1101 dementem
1785 1056 1965 1102 invitam
1989 1057 2097 1112 ciet,

755 1139 943 1193 vimine-s
966 1150 1067 1181 vero
1092 1134 1299 1194 aequales
1317 1137 1463 1193 patris
1486 1137 1594 1192 naci,
1631 1150 1774 1182 meum
1795 1138 1968 1195 tactum
1988 1137 2148 1194 pudet,

751 1219 922 1275 optumi
947 1219 1055 1262 viri:
1083 1230 1183 1261 mea
1206 1222 1373 1270 mater,
1411 1217 1475 1260 tm·
1499 1231 1568 1260 me
1590 1217 1788 1272 miseret,
1821 1218 1907 1262 mei
1926 1218 2072 1274 piqet,

754 1298 990 1357 Optumum
1010 1298 1264 1355 proyem‘em
1287 1296 1475 1342 Priamo
1497 1298 1700 1355 reperisti
1724 1305 1860 1343 extra
1881 1285 1975 1343 me:v
1995 1298 2079 1343 hoc
2103 1298 2231 1343 dolet.

339 1392 474 1439 Hunc
498 1392 649 1438 locum
676 1406 810 1452 quum
828 1390 998 1437 Fabius
1019 1404 1110 1435 non
1131 1390 1328 1450 potuerit
1353 1403 1446 1434 non
1473 1389 1839 1448 anim0‚hahere.,
1866 1390 2146 1436 reddendum
2172 1393 2214 1436 ei
2243 1395 2418 1438 censuit
2439 1392 2595 1454 Lange

337 1474 426 1517 ciet
447 1474 492 1518 in
518 1473 741 1533 principio
769 1470 988 1532 exempli„
1013 1468 1159 1516 verba
1187 1468 1387 1524 Hecuba,
1412 1468 1609 1514 fortasse
1635 1471 1767 1515 etiam
1794 1471 1890 1522 hoc,
1928 1483 1953 1514 a
1979 1471 2239 1529 glossatore
2265 1472 2458 1532 quodam
2483 1486 2599 1533 pro-

340 1552 459 1598 fecta
486 1551 766 1597 existimans.
830 1550 959 1607 Quae
987 1549 1164 1612 quidem
1191 1554 1281 1593 tam
1316 1550 1526 1610 speciosa
1553 1554 1598 1594 et
1623 1548 1678 1595 ad
1705 1550 1944 1595 veritatem
1983 1564 2114 1610 quam
2141 1552 2350 1611 proxime
2377 1551 2598 1597 accedere

340 1632 572 1689 videntur„
607 1637 653 1676 ut
679 1632 932 1692 imperitum
959 1645 1070 1677 sane
1097 1629 1261 1676 fallere
1287 1630 1489 1691 possint:
1526 1643 1616 1690 ego
1643 1643 1759 1675 vero
1786 1629 2066 1688 diligentiam
2092 1631 2180 1676 viri
2208 1632 2451 1677 acutissimi
2477 1631 2598 1678 alio-

340 1714 446 1774 quin
472 1711 710 1774 probatam
736 1710 961 1757 desidero.
990 1709 1171 1757 Etenim
1198 1716 1245 1755 ut
1269 1724 1366 1755 non·
1388 1724 1591 1770 premam
1616 1711 1661 1754 in
1682 1709 1810 1756 Fabii
1836 1710 2051 1770 exemplo
2077 1717 2291 1755 mutatum
2317 1712 2598 1771 singulorum

340 1790 592 1840 verborum
619 1789 852 1849 ordinem.
892 1806 1025 1854 quem
1063 1806 1144 1837 cur
1180 1782 1437 1838 deseruerit
1467 1789 1630 1848 idonea
1657 1805 1747 1836 non
1776 1796 2019 1854 exputatur
2043 1793 2177 1849 ratio„
2215 1790 2435 1853 Langium
2461 1794 2601 1838 miror

338 1873 544 1934 fugisse.
583 1872 701 1933 quod
740 1874 784 1917 in
820 1887 871 1917 re
907 1872 1149 1918 manifesta
1175 1872 1282 1917 olim
1309 1885 1400 1916 non
1429 1871 1694 1917 adnotaram
1719 1877 1767 1917 ut
1797 1870 2072 1934 superfluum
2107 1870 2257 1918 locum
2285 1877 2496 1919 accurate
2522 1874 2599 1919 in-

339 1955 650 2014 trospicienti„
688 1953 745 1997 de
782 1953 998 2013 exemplo
1033 1967 1096 1997 ex
1133 1953 1330 1997 dictione
1365 1957 1599 2013 poetarum
1628 1957 1804 2012 sumpto
1831 1952 1906 2010 agi
1943 1950 2159 1997 hocloco
2186 1966 2277 1998 non
2305 1966 2469 2014 posse„
2513 1966 2600 2014 quo

339 2033 397 2079 de
422 2033 565 2078 variis
591 2031 933 2093 ὁμοιατελεότων
959 2032 1258 2094 similiumque
1279 2030 1528 2091 figurarum
1554 2030 1801 2091 generibus
1827 2033 1871 2077 in
1898 2045 2035 2093 prosa
2062 2033 2269 2078 oratione
2291 2034 2423 2078 unice
2449 2046 2599 2080 sermo

342 2119 412 2159 est
449 2119 583 2173 atque
621 2114 820 2174 ineptiae
856 2113 933 2157 vel
971 2116 1151 2174 inopiae
1189 2111 1470 2156 incredibilis
1507 2111 1692 2156 Fabium
1733 2113 1949 2171 coargui„
1988 2113 2025 2157 si
2063 2125 2189 2158 suam
2221 2114 2265 2158 in
2300 2125 2396 2158 rem
2434 2126 2496 2158 ex
2522 2110 2599 2157 illo

342 2199 505 2261 poetae
531 2192 635 2238 loco
662 2192 923 2253 exemplum
950 2191 1273 2248 confluxisset„
1312 2205 1400 2252 quo
1426 2190 1536 2235 nihil
1562 2197 1709 2252 potest
1735 2193 1927 2251 cogitari
1953 2196 1998 2236 et
2024 2206 2048 2236 a
2074 2206 2126 2237 re
2152 2198 2197 2237 et
2223 2207 2247 2237 a
2274 2189 2599 2238 consuetudine

341 2274 540 2319 auctoris
575 2272 779 2319 alienius.
840 2271 980 2318 Nullo
1015 2280 1162 2317 autem
1197 2278 1330 2333 pacto
1368 2265 1620 2317 laudandus
1652 2270 1930 2316 Ribbeckius
1955 2270 2094 2332 Trag.
2122 2271 2252 2317 Rom.
2290 2271 2372 2317 rel.
2412 2285 2452 2333 p.
2481 2269 2597 2328 202„

341 2353 417 2414 qui
443 2352 663 2397 maiorum
688 2354 886 2413 vestigia
913 2339 1095 2398 secutus
1120 2351 1266 2398 verba
1292 2351 1505 2406 Hecuba,
1539 2352 1622 2395 hoc
1646 2351 1763 2396 dolet
1783 2352 1921 2409 pudet
1939 2352 2065 2410 piyet
2100 2353 2286 2399 incertis
2323 2352 2597 2398 incertorum

340 2432 508 2479 fabulis
546 2434 759 2489 inseruit„
809 2432 866 2479 de
900 2439 1060 2495 quarto
1099 2432 1423 2496 ὁμοιοτελεότῳ
1459 2431 1662 2478 membro
1698 2446 1789 2478 non
1826 2427 2068 2478 sollicitus:
2112 2448 2230 2479 vvera
2268 2434 2386 2478 enim
2425 2432 2462 2478 si
2499 2437 2601 2478 sunt

341 2528 460 2576 quae
484 2513 635 2576 posuit
652 2511 870 2573 Langius„
897 2516 1025 2561 cuius
1043 2515 1246 2561 rationes
1266 2513 1546 2560 Ribbeckius
1566 2528 1657 2560 non
1678 2516 1913 2574 ignoravit
1937 2515 2008 2572 (v.
2030 2529 2071 2576 p.
2096 2514 2205 2573 18).>
2231 2513 2312 2561 sed
2334 2518 2409 2560 aut
2427 2513 2601 2574 sprevit

343 2600 424 2640 aut·
443 2593 517 2640 hic
540 2593 809 2640 recordatus
835 2609 926 2640 non
962 2601 1056 2652 estq
1096 2594 1295 2642 arcenda
1333 2595 1410 2640 illa
1442 2594 1587 2640 verba
1624 2600 1747 2657 patet
1779 2609 1840 2640 ex
1865 2599 2101 2656 poetarum
2127 2594 2331 2657 reliquiis
2356 2607 2491 2640 esse:
2529 2594 2598 2639 sin

341 2672 682 2738 improbantur„
720 2672 841 2719 haud
875 2677 1047 2720 maiore
1081 2677 1179 2720 iure
1216 2689 1300 2737 pro
1338 2687 1481 2721 versu
1517 2681 1680 2736 poetae
1715 2674 1903 2721 alicuius
1939 2673 2097 2721 haberi
2122 2680 2323 2738 possunt.
2394 2673 2459 2719 At
2483 2671 2601 2734 quod

342 2753 544 2815 Langius
568 2755 615 2800 in
652 2753 741 2800 hoc
776 2754 881 2800 loco
906 2754 1145 2801 manifeste
1171 2754 1334 2801 affecto
1368 2754 1452 2820 sibi
1478 2755 1619 2801 licere
1649 2762 1773 2802 ratus
1807 2761 1904 2813 est„
1943 2761 1989 2805 ut
2025 2755 2295 2801 medicinam
2333 2753 2599 2817 anquirendi

342 2833 594 2896 periculum
619 2832 816 2892 subiret„
855 2833 973 2880 idem
1009 2836 1143 2880 etiam
1173 2835 1291 2881 mihi
1329 2850 1426 2881 rem
1476 2836 1774 2897 quadraginta
1800 2835 1999 2897 *amplius
2033 2838 2167 2882 annis
2203 2841 2304 2897 post
2339 2835 2600 2880 retractanti

343 2914 485 2959 licere
523 2913 731 2960 arbitror.
757 2914 867 2960 Mihi
902 2930 1019 2962 vero
1058 2915 1204 2961 adhuc
1242 2915 1412 2961 arridet
1447 2916 1565 2976 quod
1601 2916 1763 2961 dudum
1800 2918 1981 2977 reperi„
2021 2922 2067 2961 ut
2102 2915 2326 2962 scribatur
2359 2913 2441 2956 hoc
2475 2912 2603 2957 habet

342 3007 428 3056 pro
448 2993 633 3039 Hecuba
660 2995 740 3042 vel
760 2994 1002 3041 Haeccuba
1020 2996 1097 3042 vel
1119 2996 1346 3050 Heccuba,
1381 3010 1469 3057 quo
1491 2996 1625 3041 modo
1646 2998 1868 3058 scriptura
1890 2996 2094 3042 codicum
2121 2994 2381 3050 exhibetur„
2408 2994 2601 3039 eodem-
