2892 3570
1300 142 1634 191 „21—

1140 360 1204 407 Id
1223 281 1604 426 βράγχοῗῆῧῗῗὲοί
1625 365 1790 405 mm.

331 442 486 501 Vide7
524 441 562 488 si
587 441 696 486 tanti
722 446 815 499 est„
855 455 970 502 quae
996 439 1052 486 de
1089 438 1311 503 scriptura
1338 438 1556 505 βραγμόν,
1598 442 1724 488 cuius
1748 440 1852 488 loco
1878 439 2146 488 Bonnellius
2172 440 2360 506 βράγχον
2394 442 2596 499 retinuit,

335 520 615 571 restituenda
641 520 959 569 adnotavimus
985 521 1169 579 Quaest.
1197 521 1327 569 Hom.
1354 521 1433 570 111.
1450 536 1500 585 p,
1528 521 1574 570 9.
1611 520 1766 569 Bamb.
1792 519 2049 570 ΒΡΑΜΟΝ.

1421 708 1433 718 .
1471 673 1550 719 58.

702 749 799 795 Sed
818 752 960 808 ipsam
981 751 1074 810 fori
1096 752 1372 796 sanctitatem
1386 674 1596 797 {udor-um
1620 751 1824 797 talariam
1849 752 2027 797 licentia
2050 752 2228 797 solvere.

337 843 495 890 Verba
523 843 722 888 tudonem
746 843 975 899 talariam,
1014 841 1173 904 quibus
1208 857 1309 888 cum
1347 827 1449 889 aliis
1485 845 1712 889 etiamtum
1739 843 2035 905 Spaldingius
2073 843 2341 900 offenderat„
2378 843 2435 911 ab
2471 845 2594 890 omni

338 925 591 970 vexatione
618 922 871 968 vindicavit
897 924 1090 982 egregie
1116 921 1273 981 Lange
1298 921 1478 968 Vindio.
1503 929 1620 983 trag.
1647 923 1776 969 Rom.
1804 939 1845 986 p.
1872 924 1951 988 47.

1421 1119 1430 1127 .
1471 1083 1550 1130 73.

444 1165 601 1222 Itaque
632 1164 678 1208 in
708 1164 789 1218 iis,
844 1177 955 1222 quae
988 1163 1050 1208 ad
1077 1177 1254 1208 scenam
1286 1084 1630 1220 comgommtur,
1670 1164 1837 1223 fabulis
1870 1163 2067 1225 artifices
2097 1165 2421 1222 prmumciandt‘
2458 1179 2488 1209 a

439 1246 640 1304 personis
670 1260 837 1304 quoque
877 1243 1065 1305 affectu-9
1098 1253 1378 1291 mutuantur:
1413 1253 1463 1290 ut
1494 1248 1554 1291 sit
1584 1246 1755 1302 Aerope
1787 1248 1833 1291 in
1876 1248 2100 1302 tragoedia
2136 1246 2301 1301 tristis,
2346 1254 2484 1291 atrox

444 1327 612 1371 ‚Medea
636 1332 720 1371 etc.
780 1332 782 1334 ’

339 1417 611 1479 scrupulos,
638 1432 751 1479 quos
777 1420 898 1463 circa
925 1418 1146 1480 Aeropen
1174 1419 1345 1462 tristem
1371 1434 1472 1464 cum
1492 1418 1763 1482 Spaldingio
1788 1433 1872 1465 suo
1892 1418 2185 1468 Buttmannus
2210 1420 2449 1477 excitarat„
2486 1416 2599 1464 nihil

341 1504 558 1556 moratus„
597 1498 864 1545 Bonnellius
901 1499 1134 1559 vulgatam
1171 1514 1334 1546 secure
1369 1502 1564 1562 repetiit„
1602 1502 1802 1558 nescius,
1840 1502 2077 1560 egregiam
2102 1500 2205 1545 huic
2242 1499 2481 1546 offensioni
2506 1513 2597 1560 pa-

340 1585 483 1624 ratam
510 1593 613 1625 esse
638 1579 906 1624 medicinam
944 1582 1151 1625 acumine
1177 1579 1338 1640 Langii
1368 1580 1397 1625 l.
1424 1580 1451 1626 l.
1479 1582 1552 1642 qui
1577 1580 1769 1638 Merope
1792 1579 2081 1627 scribendum
2105 1594 2209 1627 esse
2234 1579 2365 1638 vidit5
2405 1578 2594 1625 favente

339 1661 438 1721 ipsa
457 1658 677 1705 librorum
696 1659 803 1707 Mss.
825 1662 1066 1722 scriptura„
1092 1667 1138 1706 et
1156 1660 1291 1722 plane
1312 1660 1611 1723 approbante„
1637 1661 1755 1723 quod
1776 1661 1914 1708 video
1935 1660 2038 1706 dum
2059 1660 2227 1719 scribo„
2254 1660 2306 1707 Ο.
2328 1659 2486 1706 Iahnio
2512 1658 2596 1719 ²⁸).

342 1737 557 1786 Ceterum
583 1739 793 1786 lubenter
818 1756 979 1787 carere
1005 1747 1161 1802 posset
1186 1741 1331 1788 lector
1357 1742 1614 1788 adiectione
1640 1741 1889 1788 verborum
1914 1743 1960 1785 in
1985 1743 2222 1799 trayoedt‘a,
2248 1755 2382 1802 quum
2408 1740 2464 1786 de
2490 1754 2601 1787 sce-

340 1821 456 1866 nicis
481 1822 692 1881 personis
718 1822 793 1880 agi
820 1820 983 1866 dictum
1018 1823 1074 1868 sit
1099 1827 1365 1883 constetque
1409 1821 1587 1869 abunde
1621 1836 1683 1867 ex
1707 1823 2072 1868 commemoratis
2096 1822 2223 1882 ipsis,
2260 1822 2413 1882 utique
2438 1834 2518 1867 eas
2543 1820 2599 1865 ad

340 1898 624 1959 tragoediam
650 1902 908 1962 pertinere3
945 1907 1185 1963 praeterea
1211 1915 1321 1948 mox
1346 1901 1541 1948 additum
1565 1903 1613 1947 in
1636 1903 1888 1957 comoediis,
1913 1900 1989 1947 ubi
2015 1901 2071 1947 ad
2096 1901 2288 1947 alterum
2312 1915 2459 1961 genus
2484 1915 2599 1962 per-

341 1993 556 2026 sonarum
599 1979 757 2026 harum
785 1980 951 2027 Fabius
980 1984 1162 2028 transit:
1201 1996 1316 2043 quae
1341 1983 1438 2043 ipsa
1463 1984 1831 2028 commemoratio
1858 1996 2029 2029 vereor
2064 1996 2122 2027 ne
2158 1983 2389 2042 pepererit
2411 1980 2520 2026 illud
2554 1981 2602 2024 iu

339 2060 589 2115 traqoedia,
628 2060 746 2122 quod
772 2060 878 2107 mihi
904 2061 1102 2123 quidem„
1140 2063 1412 2123 praesertim
1440 2064 1484 2108 in
1511 2076 1567 2109 ca
1592 2062 1724 2122 sede„
1760 2077 1892 2125 quam
1918 2067 2125 2125 occupat„
2160 2060 2428 2122 glossatoris
2451 2062 2600 2123 potius

340 2154 475 2201 quam
501 2143 697 2190 auctoris
724 2155 903 2187 manum
929 2141 1141 2188 redolere
1167 2142 1363 2189 videtur.

1243 2290 1366 2337 Libri
1402 2290 1490 2337 XII
1555 2291 1584 2338 6
1653 2291 1697 2339 2.

446 2369 616 2413 Modus
639 2371 746 2414 mihi
769 2373 936 2416 videtur
960 2373 1136 2430 quidam
1161 2373 1371 2417 tenendus
1394 2378 1444 2417 ut
1464 2326 1613 2431 neque7
1620 2386 1917 2431 praepropere
1941 2371 2235 2425 destrinyatur
2257 2370 2496 2415 immatura

443 2448 596 2506 frona,
633 2457 677 2495 et
709 2452 919 2511 quicquid
951 2458 1021 2497 est
1044 2452 1159 2498 illud
1180 2451 1324 2497 adhuc
1347 2453 1551 2497 acerbum
1572 2454 1843 2511 proseratur.
1898 2453 2025 2499 Nam
2055 2452 2156 2497 inde
2179 2458 2224 2496 et
2257 2457 2498 2497 contemtus

445 2529 688 2574 buzascitur
716 2558 773 2563 —
814 2532 921 2577 Nec
938 2546 1091 2578 narsus
1118 2532 1410 2593 differendum
1428 2538 1492 2578 est
1518 2533 1763 2579 tirocinium
1781 2534 1826 2578 in
1842 2538 2117 2578 senectutem.
2155 2530 2215 2577 N
2213 2545 2284 2577 am
2308 2530 2500 2589 quotidie

445 2614 587 2651 metus
611 2612 771 2655 crescit
798 2617 882 2657 etc.

344 2696 595 2760 Expedivit
618 2699 739 2748 hunc
762 2701 929 2763 locum„
966 2705 1012 2751 in
1038 2718 1126 2766 quo
1150 2717 1234 2766 pro
1259 2707 1303 2748 et
1324 2703 1542 2762 quicquid,
1568 2702 1862 2750 Buttmannus
1887 2700 2024 2750 scribi
2050 2700 2246 2749 malebat
2268 2716 2349 2747 nec
2372 2701 2595 2760 macswid,

342 2775 658 2829 Gernhardius
677 2784 870 2845 egregie
890 2785 967 2844 ita,
993 2789 1040 2832 ut
1059 2782 1263 2842 doceret,
1289 2781 1400 2832 duas
1419 2784 1651 2835 cautiones
1676 2799 1701 2832 a
1722 2782 1863 2831 Fabio
1883 2781 2151 2845 praescribi,
2178 2798 2367 2845 quarum
2392 2798 2600 2845 quaeque

345 2857 569 2906 indicetur
594 2863 814 2924 particula
838 2879 946 2922 nec,
984 2870 1029 2914 et
1064 2863 1222 2914 verbis
1260 2869 1306 2911 et
1326 2864 1535 2924 quicquid
1553 2894 1610 2901 -—
1637 2864 1893 2924 proferatur
1919 2869 2134 2912 eventum
2168 2864 2316 2927 potius
2352 2865 2605 2928 superioris

390 3027 450 3072 26)
477 3026 630 3065 Gerhard
653 3032 798 3067 Denkm.
825 3044 857 3068 u.
882 3033 1023 3069 Forsch.
1052 3035 1150 3071 1854.
1174 3034 1239 3069 No.
1265 3037 1321 3070 6⁶.
1347 3047 1381 3079 p.
1405 3034 1483 3068 227.
