2892 3570
1318 99 1619 144 -6—

338 248 389 287 et
429 241 518 287 hoc
559 239 741 300 quidem
777 253 947 284 sensu:
996 238 1159 294 „illum
1184 239 1453 297 scriptorem
1497 239 1620 296 prius
1657 238 1701 280 in
1745 250 1828 281 ore
1866 242 2034 282 tantum
2064 239 2306 305 >hominu-m
2350 245 2602 296 versatum,

342 323 445 369 sive
482 322 666 367 nomine
712 324 882 365 tantum
920 316 1061 364 fuisse
1098 323 1278 366 notum.
1328 331 1447 362 nunc
1493 330 1611 363 vero
1656 317 1800 376 ipsum
1837 319 2059 376 cognosci
2095 322 2381 381 perspicique
2415 319 2603 380 posse.“

345 402 475 458 Quae
514 415 603 462 quo
639 398 774 445 modo
813 412 913 444 cum
952 396 1083 445 fatis.
1123 411 1240 458 quae
1279 396 1494 443 Cremutii
1528 396 1721 442 annales
1746 397 1867 456 passi
1892 403 2024 454 sunt„
2063 399 2373 459 concordent„
2409 399 2602 460 egregie

342 481 460 526 idem
497 479 730 524 Weberus
767 477 1061 536 explanavit„
1111 477 1230 521 haud
1269 480 1443 521 minore
1481 476 1614 521 laude
1653 475 1816 535 dignus
1854 477 1898 520 in
1939 477 1992 522 iis
2042 491 2158 538 quae
2197 478 2253 524 ud
2290 477 2601 527 constituenda

342 559 488 605 verba
525 560 762 618 sequentia
798 558 1018 603 contulit:
1067 572 1183 617 quae
1218 571 1354 616 quum
1387 558 1533 601 cuivis
1568 562 1779 616 pateant.
1828 558 2036 601 omittere
2073 570 2280 617 possem„
2317 561 2404 606 nisi
2438 558 2523 604 bac
2556 559 2601 603 in

342 645 471 699 parte
496 638 753 684 Weberum
777 644 822 683 et
849 637 1174 697 Nipperdeium
1213 636 1453 682 dissentire
1491 635 1925 695 deprehendissem„
1964 641 2096 697 atque
2123 637 2179 683 ad
2205 640 2445 697 rationem,
2471 651 2601 699 quam

344 721 531 766 instituit
566 719 672 766 ille.
711 717 1035 777 perficiendam
1075 715 1330 762 addendum
1379 715 1544 776 aliquid
1589 715 1853 773 videretur,
1909 722 1956 761 ut
1999 719 2186 776 opinor„
2225 718 2343 765 haud
2391 721 2602 778 ineptum.

344 798 500 845 Verba
525 798 701 844 scilicet
725 799 770 843 in
797 797 1008 843 lemmate
1034 811 1170 856 supra
1196 794 1423 846 exhibito.
1461 802 1508 841 ut
1532 810 1651 841 nunc
1677 796 1954 855 vulgantur„
2004 799 2201 843 omnium
2239 813 2483 856 consensu„
2525 797 2603 844 vel

344 878 654 939 explicatione
697 878 775 924 vel
820 879 1108 923 correctione
1146 875 1363 935 indigent.
1443 874 1581 921 Levis
1624 877 1838 921 momenti
1882 882 1950 921 est
1993 876 2112 937 quod
2155 891 2238 937 pro
2282 877 2399 924 bene
2433 884 2602 925 *testato

342 960 540 1002 nocuerit
564 958 817 1004 deteriores
844 956 945 1001 libri
969 962 1181 1000 ‚wewam-ut
1205 954 1448 1013 exhibent„
1488 969 1635 1015 neque
1661 954 1748 1000 boc
1774 957 1934 1015 ipsum„
1975 962 2021 1002 ut
2045 951 2163 1002 infra
2191 957 2452 1017 apparebit„
2490 971 2605 1017 pro-

345 1037 527 1083 babile:
582 1038 813 1095 gravioris
856 1049 972 1080 vero
1017 1035 1133 1095 quod
1179 1035 1328 1080 Turic.
1373 1040 1418 1079 et
1461 1033 1583 1079 Flor.
1628 1033 1727 1092 (hic
1771 1049 1797 1079 a
1835 1048 1900 1094 pr.
1938 1035 2022 1093 m.)
2062 1048 2144 1094 pro
2178 1038 2218 1080 ei
2252 1035 2472 1096 praebent
2506 1036 2604 1091 vel;

344 1116 577 1170 Almelov.
615 1115 717 1169 illa,
755 1117 801 1160 in
845 1128 960 1174 quo„
1000 1121 1046 1160 ut
1088 1114 1323 1160 Weberus
1368 1113 1705 1173 suspicabatur„
1754 1114 1824 1159 itta·
1860 1114 2005 1160 latere
2049 1121 2215 1174 posset.
2288 1115 2363 1161 Ex
2405 1115 2472 1162 his
2515 1117 2602 1161 iam

346 1195 386 1241 N
392 1195 651 1255 ipper'deius
690 1195 839 1240 effecit
874 1209 1135 1252 quctrnqtmm
1180 1195 1453 1239 circmncisis
1489 1208 1599 1252 qnae
1636 1194 1806 1238 dia-isse
1841 1195 2050 1249 voluerit,
2100 1208 2257 1255 parum
2294 1195 2510 1241 sollicitus
2548 1195 2604 1241 de

348 1276 400 1321 iis
426 1275 678 1320 litterarum
705 1275 959 1322 elementiS.
988 1288 1103 1334 quae
1132 1281 1232 1333 post
1258 1276 1446 1318 dixisset
1471 1274 1652 1319 codices
1678 1276 1883 1321 universi
1910 1274 2101 1320 addunt:
2141 1289 2256 1335 quae
2282 1278 2318 1321 si
2340 1275 2605 1322 Bonnellius

347 1369 527 1416 quoque
562 1357 733 1411 omisit,
784 1369 876 1401 non
914 1356 1089 1400 irascor
1115 1356 1160 1400 in
1187 1355 1290 1400 loco
1317 1354 1583 1415 desperatm
1632 1355 1776 1401 scuius
1819 1357 2042 1401 rationem
2085 1369 2245 1405 veram
2288 1369 2378 1402 non
2423 1356 2606 1415 perspi-

347 1435 525 1485 ciebat.
565 1437 699 1481 etiam
726 1435 1026 1481 violentiores
1053 1450 1189 1482 ausus
1217 1436 1358 1482 licere
1384 1437 1617 1495 opinanti3
1656 1434 1781 1481 libris
1815 1436 1935 1480 enim
1962 1436 2113 1496 utique
2149 1435 2508 1496 repugnantibus
2533 1435 2605 1482 hic

346 1515 515 1561 edidit:
562 1516 688 1559 habet
733 1521 953 1560 amatores
998 1530 1079 1558 nec
1114 1517 1397 1569 imitatorem,
1447 1522 1493 1557 ut
1536 1516 1609 1558 cui
1646 1515 1826 1559 libertas
1839 1547 1850 1569 ‚
1900 1529 2147 1573 quamnam
2182 1516 2456 1560 circumcisis
2496 1530 2607 1574 mute

347 1596 554 1648 dixisset,
579 1596 789 1638 nocuerit.
827 1594 891 1639 At
917 1595 959 1637 in
988 1594 1150 1639 talibus
1177 1597 1441 1640 commentis
1473 1608 1563 1639 non
1590 1600 1724 1639 vacat
1758 1594 1920 1640 diutius
1946 1596 2194 1651 immorari„
2234 1608 2365 1655 quam
2397 1596 2441 1639 in
2463 1608 2606 1655 supe-

347 1676 517 1730 riorum
538 1681 684 1720 aetate
716 1673 946 1719 hominum
972 1673 1363 1731 hariolationibus„
1402 1688 1588 1735 quarum
1612 1680 1783 1734 partem
1810 1674 1885 1720 alii
1903 1676 2213 1735 exagitarunt„
2252 1680 2424 1734 partem
2451 1680 2604 1721 tacere

348 1760 566 1815 praestatq
598 1769 659 1799 ex
685 1753 949 1799 Frotscheri
984 1756 1339 1812 commentariis„
1387 1756 1422 1799 si
1459 1748 1598 1802 lubet.
1636 1755 1842 1814 petendis
1865 1753 1924 1813 ⁹).
1964 1754 2112 1800 Unum
2140 1753 2355 1799 Freundii
2382 1769 2602 1800 conamen

346 1836 474 1879 iuvat
493 1833 757 1890 advertere„
786 1832 840 1878 ab
868 1832 1114 1879 editoribus
1141 1849 1232 1881 non
1260 1834 1570 1891 observatumq
1609 1840 1683 1880 aut
1703 1834 1894 1880 consilio
1915 1835 2186 1888 tramissum,
2218 1847 2305 1894 quo
2328 1840 2485 1894 'pateat
2516 1848 2604 1894 quo

348 1913 545 1959 libidinis
587 1913 873 1959 damnandae
919 1913 1145 1959 hominem
1190 1928 1348 1960 sanum
1395 1914 1652 1974 desperatio
1697 1913 1967 1959 abduxerit:
2025 1914 2196 1957 Habent
2231 1919 2477 1967 ornatores,
2522 1929 2602 1958 nec

349 1995 588 2049 irmnen‘to,
635 1993 882 2038 sublimitas
917 2000 957 2038 et
990 1993 1191 2049 libertas,
1240 1996 1420 2052 quibus,
1469 1995 1971 2052 qucumqimm-dioeisset,
2019 2007 2103 2038 mm
2138 1992 2264 2037 valde
2297 1993 2489 2037 nocuerit
2531 1991 2605 2052 ¹⁰).

351 2073 444 2120 Sed
482 2072 812 2135 Nipperdeius„
851 2074 907 2121 ad
945 2088 1077 2136 quem
1116 2075 1283 2124 redeo.
1322 2073 1492 2120 vellem
1531 2074 1738 2122 lectionis
1778 2073 1833 2121 ab
1870 2090 1920 2122 se
1960 2073 2180 2121 confictae
2215 2074 2416 2120 rationes
2452 2074 2609 2134 expli-

349 2157 546 2202 cuisset:
586 2169 701 2215 quae
728 2169 820 2200 non
847 2155 979 2201 aliam
1007 2155 1243 2202 admittere
1269 2155 1449 2202 videtur
1474 2157 1760 2211 sententiam„
1799 2170 1930 2216 quam
1957 2161 2003 2202 ut
2027 2154 2173 2202 verba
2210 2154 2406 2200 auctoris
2441 2160 2516 2199 aut
2550 2153 2605 2199 ab

350 2238 448 2297 ipso
470 2241 545 2280 aut
564 2234 619 2280 ab
641 2234 731 2280 alio
758 2235 920 2281 aliisve
946 2235 1179 2295 quibusvis
1206 2238 1472 2282 circumcisa
1498 2251 1601 2281 esse
1627 2242 1914 2281 censeantur.
1943 2234 2057 2280 Illud
2078 2248 2194 2280 vero
2210 2235 2251 2277 in
2268 2232 2466 2289 homine„
2488 2248 2608 2293 qua-

354 2316 443 2361 lem
473 2314 751 2361 Cremutium
777 2314 918 2360 fuisse
945 2320 1139 2365 constat.
1179 2331 1236 2361 ne
1263 2316 1454 2375 cogitari
1481 2315 1658 2375 quidem
1684 2328 1820 2374 posse
1858 2314 2188 2361 demonstravit
2211 2311 2442 2358 Weberus
2469 2326 2508 2372 p.
2525 2312 2608 2370 lx„

351 2401 396 2441 et
421 2400 525 2441 ante
552 2408 655 2440 eum
680 2400 984 2454 perspexerat
999 2393 1151 2441 Carol.
1180 2395 1380 2442 Ritterus
1397 2393 1480 2453 Η),
1519 2409 1666 2454 neque
1693 2394 1896 2442 voluisse
1923 2394 2103 2441 videtur
2128 2390 2459 2451 Nipperdeius:
2487 2391 2609 2438 alte-

352 2488 449 2519 rum
488 2479 613 2519 recte
650 2472 810 2529 babet„
848 2473 930 2519 sed
968 2487 1024 2519 eo
1062 2474 1287 2520 difficilius
1325 2489 1385 2520 ex
1418 2474 1614 2519 lectione
1640 2475 1872 2534 proposita
1899 2473 2157 2533 colligitur„
2197 2485 2284 2531 quo
2311 2469 2419 2516 illud
2445 2472 2604 2532 ipsum„

353 2552 472 2614 quod
510 2552 811 2600 coniectando
849 2552 1041 2599 infertur
1078 2554 1249 2599 dixisse
1282 2554 1486 2608 rolnerit,
1524 2552 1761 2601 obscurius
1804 2554 1967 2600 dictum
2011 2559 2104 2601 est:
2144 2555 2462 2610 exspectasses
2488 2553 2605 2597 enim

354 2635 512 2679 dicere.
586 2633 836 2680 Praeterea
875 2639 922 2679 ut
946 2636 1185 2694 perspicua
1211 2641 1334 2681 esset
1367 2636 1614 2690 sententia,
1655 2634 1805 2695 aliquo
1841 2634 1974 2680 modo
2001 2630 2344 2693 significandum
2370 2629 2541 2689 fuerat,
2581 2646 2610 2675 a

401 2800 435 2845 9)
460 2801 557 2840 Adde
587 2801 735 2846 Paedag.
774 2802 862 2845 phil.
893 2801 1122 2836 Litteraturbl.
1159 2803 1257 2837 1827.
1297 2803 1359 2837 No.
1392 2804 1447 2838 27.
1566 2803 1620 2847 10)
1645 2803 1765 2838 Jahnii
1790 2803 1908 2837 Jahrb.
1933 2803 2009 2836 Vol.
2034 2800 2128 2834 xm.
2153 2809 2187 2841 p.
2211 2797 2291 2829 292.

354 2870 391 2900 p.
414 2859 493 2890 238.
541 2860 654 2890 Iahnii
679 2860 798 2892 Jahrb.
823 2858 899 2891 voi.
924 2859 1025 2892 LXV.
1057 2868 1090 2902 p.
1123 2860 1201 2894 206.
1258 2861 1448 2893 Eichstadii
1566 2860 1620 2903 11)
1646 2860 1857 2894 Schneidew.
1883 2860 2010 2891 Philol.
2034 2858 2089 2889 vt.
2115 2868 2148 2899 p.
2175 2854 2251 2888 7⁶3.

353 2915 447 2947 Prol-
480 2915 576 2947 acad.
609 2916 680 2947 Ien.
717 2915 823 2953 182⁷,
862 2926 932 2957 qua.
967 2917 1196 2954 „Dehortatur
1234 2918 1397 2960 prologus
1428 2927 1450 2948 a

353 2973 512 3005 contorta
534 2975 568 3004 et
590 2971 728 3004 difficili
753 2971 1001 3016 interpretandi
1024 2973 1189 3013 ratione“‚
1227 2985 1261 3017 p.
1290 2975 1332 3008 10
1362 2985 1412 3017 sq.
