2892 3570
1293 138 1624 187 „17-

1372 279 1448 335 5
1487 278 1535 324 5.

484 361 729 424 propositis
753 361 868 406 enim
886 359 1217 419 probationibus
1241 359 1381 404 omnia
1403 359 1450 404 in
1472 356 1689 413 reliquum
1709 356 1859 411 qratia
1886 355 2089 399 aewvitatia
2108 354 2426 411 praecerpunt.

331 431 616 504 Postremum
657 450 852 499 verbum
890 449 1026 513 quod
1052 449 1125 496 edi
1169 448 1327 508 soletq
1362 448 1514 507 nullo,
1561 454 1775 510 quantum
1807 448 1974 505 sciam„
2013 445 2175 492 codice
2217 444 2471 493 exhibetur.
2533 446 2591 492 Hi

332 537 455 582 enim
480 539 556 582 aut
575 533 850 591 praecipitur
874 537 950 578 aut
969 531 1274 589 praecepitur,
1300 530 1419 592 quod
1445 529 1710 591 plerumque
1736 544 1763 575 a
1788 542 1923 574 manu
1949 525 2149 573 secunda
2176 528 2220 571 in
2247 525 2355 572 illud
2381 533 2590 573 mutatur.

332 614 489 678 Itaque
515 619 673 661 cautus
700 617 825 659 certe
851 610 1012 670 fueris,
1050 612 1087 658 si
1113 609 1231 672 quod
1257 625 1340 673 per
1365 625 1416 658 se
1443 609 1611 656 nullam
1636 608 1772 656 habet
1796 607 2113 665 offensionem,
2145 620 2236 652 non
2262 606 2591 655 eliminaveris.

335 694 513 758 Optime
552 699 730 751 tamen„
768 691 1000 738 fatendum
1036 696 1129 748 est„
1167 689 1303 737 habet
1335 689 1524 750 vulgata
1549 689 1714 747 lectio„
1751 703 1835 736 usu
1873 693 1964 733 tum
2002 686 2193 733 aliorum
2218 689 2489 749 scriptorum
2517 689 2591 747 (v.

333 775 555 822 Arntzen.
583 772 639 820 ad
654 771 768 818 Plin.
796 771 968 831 Paneg.
996 771 1088 829 58)
1115 777 1206 816 tum
1218 769 1352 817 Plinii
1378 768 1733 832 comprobanda„
1760 770 1835 830 qui
1862 783 1997 828 quum
2008 766 2149 828 Epist.
2165 766 2225 825 V.)
2253 766 2317 813 20
2343 766 2591 814 scriberet:

332 870 388 901 ne
407 855 600 911 qratiam
621 852 826 897 novitatis
849 857 892 896 et
912 851 1091 911 florem,
1124 865 1235 909 quae
1269 850 1588 896 oratiunculam
1622 849 1744 895 illum
1779 862 1910 906 qttam
1935 847 2134 892 maxime
2158 848 2457 902 commendat,
2492 849 2593 905 epi-

331 935 471 980 stolae
497 933 760 992 loquacitate
780 945 1096 989 praecerpam,
1133 930 1329 977 fortasse
1355 930 1666 992 praeceptoris
1691 930 1760 976 sui
1784 927 1929 975 verba
1957 933 2109 973 mente
2134 926 2339 972 recoluit.

1198 1111 1319 1159 Libri
1358 1111 1491 1169 vnn
1531 1112 1591 1170 3,
1629 1110 1708 1158 21.

1039 1207 1182 1263 Capu-t
1205 1206 1413 1262 opponis,
1451 1219 1549 1248 cum
1573 1218 1624 1248 eo
1649 1204 1889 1248 contiacum.

340 1311 447 1358 Non
485 1310 630 1374 probo
669 1309 787 1371 quod
813 1309 1081 1356 Bonnellius
1118 1324 1179 1355 ex
1216 1308 1435 1355 librorum
1479 1309 1677 1353 omnium
1724 1306 1920 1352 lectione
1957 1305 2196 1366 (fortificans
2232 1307 2288 1352 de
2326 1310 2590 1353 coniectura

335 1394 518 1454 scripsit
542 1388 831 1449 corrasimus,
869 1389 988 1450 quod
1013 1389 1206 1435 verbum
1231 1403 1404 1436 vereor
1439 1403 1496 1434 ne
1521 1403 1660 1435 sensu
1686 1394 1854 1433 careat.
1915 1386 2164 1446 Cmtificaus
2188 1402 2320 1433 error
2345 1393 2415 1434 est
2440 1387 2589 1433 libra-

338 1474 511 1518 riorum
535 1473 580 1516 in
607 1485 726 1516 voce
752 1471 929 1515 rariore
956 1484 1037 1530 pro
1064 1484 1138 1525 eo„
1178 1469 1297 1531 quod
1322 1468 1450 1513 Badii
1477 1470 1671 1513 acumini
1698 1467 1901 1513 debetur.

1251 1651 1373 1696 Libri
1412 1651 1475 1696 IX
1490 1686 1504 1707 .,
1544 1651 1573 1697 3
1588 1685 1603 1707 .,
1642 1650 1687 1695 8.

1033 1770 1089 1775 —-
1120 1744 1229 1799 „qui
1251 1757 1337 1786 non
1360 1744 1496 1786 n‘sere
1516 1748 1726 1798 parentes

814 1837 895 1866 nec
920 1825 1027 1867 dem
1050 1824 1163 1866 hunc
1188 1837 1362 1876 metesa,
1401 1824 1483 1866 dea
1505 1836 1587 1865 nec
1611 1823 1793 1875 diqnata
1818 1821 1952 1864 cubili
1975 1827 2103 1875 ese&

796 1917 878 1946 -eoe
902 1903 994 1946 illis
1017 1904 1147 1956 enim,
1185 1903 1259 1959 qui
1281 1916 1366 1946 non
1388 1903 1539 1955 risere,
1573 1902 1645 1946 hic
1669 1915 1797 1959 quem
1821 1902 2016 1956 diqtmta.

335 2004 419 2051 Est
442 2005 571 2052 locus
597 2004 793 2066 Vergilii
819 2005 916 2052 Ecl.
944 2005 1037 2064 IV,
1077 2006 1141 2052 64
1166 2007 1518 2063 vexatissimus7
1557 2007 1631 2051 cui
1667 2005 1948 2052 restituendo
1987 2005 2166 2051 tandem
2194 2006 2496 2063 Quintilianus
2531 2008 2590 2052 ita

338 2099 439 2130 cum
464 2084 613 2130 fructu
639 2084 862 2131 adhibitus
897 2092 988 2144 est„
1025 2091 1073 2130 ut
1109 2091 1234 2130 certe
1261 2084 1316 2130 de
1353 2084 1550 2130 lectione
1575 2088 1674 2144 qui,
1713 2087 1840 2132 cuius
1870 2085 1974 2132 loco
2000 2092 2044 2132 et
2068 2092 2230 2152 poetae
2256 2092 2300 2132 et
2324 2086 2494 2132 rhetori
2521 2087 2593 2130 cui

336 2165 576 2211 vindicare
604 2166 886 2225 studuerant„
923 2167 1047 2212 nulla
1085 2166 1275 2227 amplius
1301 2165 1514 2211 dubitatio
1540 2166 1700 2212 relicta
1727 2168 1795 2212 sit.
1847 2166 1918 2212 De
1945 2181 2032 2228 quo
2058 2167 2160 2212 loco
2184 2165 2302 2211 hene
2327 2172 2594 2211 meruerunt

337 2244 379 2291 N
384 2245 572 2292 auckius
599 2252 643 2292 et
669 2248 743 2307 qui
769 2248 866 2293 eius
893 2252 1147 2292 commenta
1173 2248 1218 2291 in
1243 2260 1441 2291 examen
1466 2248 1654 2292 vocavit
1678 2246 1881 2293 Klotzius
1910 2245 1994 2305 22),
2022 2260 2209 2307 quorum
2233 2245 2305 2291 hic
2331 2252 2592 2308 praeterea5

335 2332 544 2382 parentes
569 2332 615 2373 ut
640 2341 741 2373 cum
761 2341 805 2373 v.
833 2328 907 2384 qui
925 2333 1050 2373 recte
1075 2328 1201 2386 iungi
1227 2332 1399 2388 posset„
1426 2328 1673 2373 accusativi
1698 2341 1827 2374 usum
1855 2326 1985 2373 verbi
2009 2326 2193 2380 ridendi,
2219 2340 2310 2372 non
2337 2326 2593 2384 deridendi„

349 2404 429 2451 sed
456 2405 688 2452 arridendi
714 2406 786 2452 hic
820 2409 870 2453 vi
896 2408 1057 2469 positi„
1095 2406 1347 2453 vindicavit
1381 2421 1471 2452 uno
1498 2405 1642 2452 Plauti
1668 2406 1881 2469 exemplo
1907 2421 1967 2452 ex
1993 2405 2118 2468 Capt.
2145 2405 2234 2464 111„
2264 2405 2321 2464 1.,
2349 2405 2413 2452 20
2440 2405 2593 2452 allato.

338 2486 523 2532 Poterat
555 2489 690 2533 etiam
727 2488 815 2533 alia
856 2487 1047 2544 afferre„
1095 2500 1210 2548 quae
1249 2489 1457 2547 apposuit
1492 2485 1697 2535 Handius
1734 2488 1789 2534 ad
1827 2486 1956 2534 Statii
1987 2486 2231 2532 Herculem
2268 2488 2594 2548 epitrapezium

342 2580 412 2614 vs.
442 2565 518 2613 15.
570 2566 697 2614 Haec
724 2582 857 2629 quum
884 2568 992 2615 satis
1017 2566 1210 2614 stabilita
1237 2581 1341 2614 esse
1368 2565 1627 2623 videantur„
1655 2569 1935 2627 ignoramuS„
1962 2565 2190 2612 fatendum
2217 2572 2303 2624 est„
2331 2565 2436 2627 quid
2461 2565 2595 2612 Bon-

344 2644 532 2691 nellium
559 2645 801 2693 adduxerit
825 2653 872 2693 ut
896 2645 1120 2693 edendum
1146 2647 1315 2691 curarit
1339 2647 1414 2704 qui
1439 2661 1523 2690 non
1547 2649 1685 2691 risere
1698 2649 1887 2704 parenti,
1913 2646 2029 2707 quod
2057 2661 2106 2692 se
2131 2647 2292 2707 partim
2319 2645 2375 2692 de
2402 2645 2595 2692 aliorum

341 2726 502 2788 partim
529 2725 585 2772 de
611 2741 692 2774 sua
719 2729 982 2774 coniectura
1010 2726 1194 2773 adnotat
1219 2727 1470 2788 scripsisse.
1500 2726 1716 2772 Parentes
1738 2741 1932 2788 namque
1958 2733 2002 2772 et
2026 2725 2221 2784 Vergilii
2248 2732 2292 2772 et
2318 2724 2447 2772 Fabii
2472 2724 2597 2784 libri„

342 2803 554 2868 quantum
580 2808 736 2866 sciam.)
776 2813 956 2854 tuentur
988 2809 1207 2854 universi.

389 3010 449 3054 22)
477 3011 568 3044 Jahn
593 3010 713 3045 Jahrb.
736 3012 813 3044 Vol.
838 3011 926 3045 Lm.
954 3021 989 3055 p.
1013 3011 1093 3043 227.
1118 3021 1168 3055 sq.
